"","Retailer_country","Order_method_type","Retailer_type","Product_line","Product_type","Product","Year","Quarter","Revenue","Quantity","Gross_margin","pred"
"37","United States","Fax","Outdoors Shop","Personal Accessories","Knives","Bear Survival Edge",2012,"Q1 2012",8414.75,97,0.48126801,8527.99005080462
"72","United States","Telephone","Golf Shop","Golf Equipment","Golf Accessories","Course Pro Golf Bag",2012,"Q1 2012",8611.89,42,0.61130484,8560.87113585176
"120","United States","Telephone","Department Store","Personal Accessories","Eyewear","Bella",2012,"Q1 2012",8977.5,133,0.45348148,8802.65395264422
"270","United States","Telephone","Sports Store","Camping Equipment","Lanterns","Firefly Extreme",2012,"Q1 2012",8946,180,0.43420523,8959.54665406612
"362","United States","Mail","Outdoors Shop","Mountaineering Equipment","Climbing Accessories","Firefly Climbing Lamp",2012,"Q1 2012",8999.28,232,0.42768755,8872.42798176356
"370","United States","Mail","Outdoors Shop","Personal Accessories","Eyewear","Polar Sports",2012,"Q1 2012",8650.5,75,0.48950928,8541.54212728288
"390","United States","Web","Golf Shop","Personal Accessories","Watches","Lux",2012,"Q1 2012",8360,50,0.47703349,8474.18181687347
"521","United States","Web","Equipment Rental Store","Camping Equipment","Lanterns","EverGlow Single",2012,"Q1 2012",8902.55,263,0.46706056,8883.51096253122
"1048","Canada","E-mail","Eyewear Store","Personal Accessories","Watches","Lux",2012,"Q1 2012",8620.8,48,0.47171492,8395.33467634924
"1108","Canada","Web","Golf Shop","Personal Accessories","Watches","Sam",2012,"Q1 2012",8351.4,186,0.39153675,8521.57729619753
"1122","Canada","Web","Golf Shop","Personal Accessories","Knives","Max Gizmo",2012,"Q1 2012",8824.2,231,0.53717277,8874.30203872432
"1168","Canada","Web","Department Store","Personal Accessories","Eyewear","Bella",2012,"Q1 2012",8775,130,0.45348148,8716.19424219405
"1520","Mexico","Web","Department Store","Personal Accessories","Watches","Venue",2012,"Q1 2012",8468,116,0.41972603,8509.88361874059
"1543","Mexico","Web","Department Store","Outdoor Protection","First Aid","Deluxe Family Relief Kit",2012,"Q1 2012",8894.9,262,0.58645066,8879.79032080459
"1616","Mexico","Web","Sports Store","Personal Accessories","Eyewear","Trendi",2012,"Q1 2012",8551,170,0.39627646,8555.94771969695
"1621","Mexico","Web","Sports Store","Personal Accessories","Binoculars","Opera Vision",2012,"Q1 2012",8690,79,0.54183544,8609.21457650579
"1741","Mexico","Sales visit","Sports Store","Personal Accessories","Watches","Mountain Man Deluxe",2012,"Q1 2012",8279.28,108,0.49126011,8383.17952962904
"1805","Mexico","Special","Outdoors Shop","Mountaineering Equipment","Safety","Granite Signal Mirror",2012,"Q1 2012",8537.76,264,0.51422387,8399.01760090648
"1845","Brazil","Web","Golf Shop","Personal Accessories","Eyewear","Trendi",2012,"Q1 2012",8852.8,176,0.39639662,8729.3462681072
"1889","Brazil","Web","Department Store","Personal Accessories","Eyewear","Polar Sports",2012,"Q1 2012",8459.18,73,0.49188456,8493.37354195129
"1896","Brazil","Web","Department Store","Personal Accessories","Eyewear","Maximus",2012,"Q1 2012",8480,106,0.492375,8605.56812071331
"1901","Brazil","Web","Department Store","Personal Accessories","Knives","Bear Survival Edge",2012,"Q1 2012",8414.88,94,0.49731903,8505.53238133106
"2142","Brazil","Web","Sports Store","Golf Equipment","Putters","Blue Steel Putter",2012,"Q1 2012",8927.01,107,0.50617284,8700.50969905889
"2166","Japan","Telephone","Golf Shop","Personal Accessories","Watches","Venue",2012,"Q1 2012",8687,119,0.41863014,8591.97356348828
"2168","Japan","Telephone","Golf Shop","Personal Accessories","Watches","Sam",2012,"Q1 2012",8486.1,189,0.39153675,8608.03700664772
"2179","Japan","Telephone","Golf Shop","Personal Accessories","Eyewear","Trendi",2012,"Q1 2012",8249.2,164,0.39662028,8384.39925103069
"2187","Japan","Telephone","Golf Shop","Outdoor Protection","First Aid","Compact Relief Kit",2012,"Q1 2012",8948.38,397,0.60070985,9079.90246038744
"2230","Japan","Telephone","Sports Store","Personal Accessories","Eyewear","Polar Sports",2012,"Q1 2012",8304.48,72,0.48950928,8455.0824168327
"2287","Japan","Mail","Sports Store","Personal Accessories","Knives","Bear Edge",2012,"Q1 2012",8410.2,214,0.40127226,8452.42549505556
"2395","Japan","Web","Golf Shop","Personal Accessories","Knives","Max Gizmo",2012,"Q1 2012",8977,235,0.53979058,9000.01994149493
"2473","Japan","Web","Department Store","Outdoor Protection","First Aid","Deluxe Family Relief Kit",2012,"Q1 2012",8793.05,259,0.58645066,8793.33061035442
"2588","Japan","Web","Outdoors Shop","Outdoor Protection","First Aid","Deluxe Family Relief Kit",2012,"Q1 2012",8827,260,0.58645066,8822.15051383781
"2766","Singapore","Fax","Outdoors Shop","Personal Accessories","Eyewear","Polar Sun",2012,"Q1 2012",8270.32,138,0.56365655,8414.83614515195
"2798","Singapore","Telephone","Department Store","Personal Accessories","Watches","Mountain Man Deluxe",2012,"Q1 2012",8662.58,113,0.49126011,8563.80180378782
"2953","Singapore","Web","Warehouse Store","Camping Equipment","Lanterns","Firefly Extreme",2012,"Q1 2012",8697.5,175,0.43420523,8815.44713664915
"2984","Singapore","Web","Outdoors Shop","Camping Equipment","Lanterns","Firefly Extreme",2012,"Q1 2012",8250.2,166,0.43420523,8556.06800529862
"2993","Singapore","Web","Outdoors Shop","Mountaineering Equipment","Safety","Granite Signal Mirror",2012,"Q1 2012",8537.76,264,0.51422387,8606.61370551026
"2994","Singapore","Web","Outdoors Shop","Mountaineering Equipment","Climbing Accessories","Firefly Climbing Lamp",2012,"Q1 2012",8688.96,224,0.42768755,8641.86875389641
"3015","Singapore","Web","Outdoors Shop","Personal Accessories","Eyewear","Polar Ice",2012,"Q1 2012",8553.6,81,0.52945076,8520.73156858488
"3037","Singapore","Web","Outdoors Shop","Personal Accessories","Binoculars","Opera Vision",2012,"Q1 2012",8250,75,0.54354545,8500.75347816128
"3059","Singapore","Special","Outdoors Shop","Camping Equipment","Lanterns","Firefly Extreme",2012,"Q1 2012",8299.9,167,0.43420523,8377.29180417823
"3099","Korea","Web","Golf Shop","Personal Accessories","Eyewear","Bella",2012,"Q1 2012",8302.5,123,0.4557037,8523.31582605782
"3181","Korea","Web","Department Store","Personal Accessories","Eyewear","Polar Wave",2012,"Q1 2012",8749.53,94,0.55822998,8553.67172012932
"3394","Korea","Sales visit","Equipment Rental Store","Personal Accessories","Eyewear","Polar Sun",2012,"Q1 2012",8643.14,144,0.564325,8553.89819532902
"3397","Korea","Sales visit","Equipment Rental Store","Personal Accessories","Knives","Bear Survival Edge",2012,"Q1 2012",8675,100,0.48126801,8577.92700451298
"3628","China","Web","Eyewear Store","Personal Accessories","Knives","Max Gizmo",2012,"Q1 2012",8327.6,218,0.53852971,8505.05397322771
"3778","Australia","Telephone","Department Store","Outdoor Protection","First Aid","Deluxe Family Relief Kit",2012,"Q1 2012",8643.6,252,0.59067055,8608.41772894418
"3805","Australia","Telephone","Outdoors Shop","Camping Equipment","Lanterns","Firefly Extreme",2012,"Q1 2012",8838.72,176,0.44006372,8867.62725755432
"3819","Australia","Telephone","Outdoors Shop","Mountaineering Equipment","Climbing Accessories","Firefly Climbing Lamp",2012,"Q1 2012",8417.43,217,0.42768755,8440.12942951266
"3830","Australia","Telephone","Outdoors Shop","Personal Accessories","Watches","Mountain Man Deluxe",2012,"Q1 2012",8925.06,114,0.50185209,8634.8563028286
"3833","Australia","Telephone","Outdoors Shop","Personal Accessories","Eyewear","Polar Sun",2012,"Q1 2012",8626.6,140,0.57561496,8520.15906801015
"3898","Australia","Web","Department Store","Personal Accessories","Watches","Lux",2012,"Q1 2012",8527.2,51,0.47882775,8510.1561754658
"3902","Australia","Web","Department Store","Personal Accessories","Watches","Kodiak",2012,"Q1 2012",8781.9,73,0.44422278,8647.11344321094
"3952","Australia","Web","Eyewear Store","Personal Accessories","Eyewear","Trendi",2012,"Q1 2012",8903.1,177,0.39542744,8754.30165095117
"3954","Australia","Web","Eyewear Store","Personal Accessories","Eyewear","Hawk Eye",2012,"Q1 2012",8302.5,205,0.43407407,8536.59402401337
"4010","Australia","Sales visit","Equipment Rental Store","Camping Equipment","Sleeping Bags","Hibernator Pad",2012,"Q1 2012",8911.18,226,0.51382196,8825.13889612861
"4038","Australia","Sales visit","Outdoors Shop","Mountaineering Equipment","Climbing Accessories","Granite Belay",2012,"Q1 2012",8619.8,131,0.47613982,8588.69706616762
"4041","Australia","Sales visit","Outdoors Shop","Mountaineering Equipment","Climbing Accessories","Firefly Charger",2012,"Q1 2012",8429.6,164,0.56498054,8387.31895239726
"4265","Netherlands","Web","Golf Shop","Personal Accessories","Watches","Kodiak",2012,"Q1 2012",8421,70,0.44272652,8554.68752663606
"4400","Netherlands","Web","Outdoors Shop","Personal Accessories","Knives","Max Gizmo",2012,"Q1 2012",8556.8,224,0.53717277,8672.56271434056
"4411","Netherlands","Web","Eyewear Store","Personal Accessories","Watches","Sam",2012,"Q1 2012",8306.5,185,0.39153675,8492.75739271414
"4475","Sweden","E-mail","Outdoors Shop","Mountaineering Equipment","Climbing Accessories","Granite Pulley",2012,"Q1 2012",8662.1,235,0.50217037,8647.11039963563
"4552","Sweden","Web","Department Store","Personal Accessories","Watches","Kodiak",2012,"Q1 2012",8300.7,69,0.44292168,8526.64580661496
"4594","Sweden","Web","Warehouse Store","Camping Equipment","Lanterns","EverGlow Single",2012,"Q1 2012",8834.85,261,0.46706056,8825.87115556443
"4658","Sweden","Web","Sports Store","Personal Accessories","Watches","Sam",2012,"Q1 2012",8531,190,0.39153675,8636.85691013111
"4680","Sweden","Web","Sports Store","Personal Accessories","Binoculars","Seeker Extreme",2012,"Q1 2012",8413.79,49,0.45186652,8576.45806081163
"4723","Denmark","Web","Department Store","Camping Equipment","Sleeping Bags","Hibernator Pad",2012,"Q1 2012",8233.22,211,0.50871348,8408.99348259596
"4746","Denmark","Web","Department Store","Personal Accessories","Eyewear","Polar Sun",2012,"Q1 2012",8845.42,147,0.56541917,8681.24356987364
"4798","Denmark","Web","Outdoors Shop","Camping Equipment","Lanterns","Firefly Extreme",2012,"Q1 2012",8336.52,166,0.44006372,8579.42822272039
"4825","Denmark","Web","Outdoors Shop","Personal Accessories","Watches","Infinity",2012,"Q1 2012",8800,40,0.47402727,8727.01150959665
"4874","Denmark","Web","Eyewear Store","Personal Accessories","Binoculars","Seeker Extreme",2012,"Q1 2012",8928.92,52,0.45186652,8662.91777126181
"4881","Denmark","Web","Sports Store","Personal Accessories","Watches","Sam",2012,"Q1 2012",8800.4,196,0.39153675,8809.77633103147
"4901","Denmark","Sales visit","Direct Marketing","Camping Equipment","Sleeping Bags","Hibernator Pad",2012,"Q1 2012",8477.45,215,0.51382196,8508.11995781128
"4977","Finland","Web","Warehouse Store","Personal Accessories","Knives","Bear Edge",2012,"Q1 2012",8685.3,221,0.40127226,8654.16481943932
"5031","Finland","Web","Outdoors Shop","Personal Accessories","Eyewear","Polar Sun",2012,"Q1 2012",8734.11,147,0.55988074,8659.15956376025
"5046","Finland","Web","Outdoors Shop","Personal Accessories","Binoculars","Seeker Mini",2012,"Q1 2012",8606.01,107,0.50267313,8577.55160025394
"5226","France","Fax","Sports Store","Personal Accessories","Knives","Bear Edge",2012,"Q1 2012",8410.2,214,0.40127226,8452.42549505556
"5244","France","Telephone","Golf Shop","Personal Accessories","Eyewear","Bella",2012,"Q1 2012",8370,124,0.45348148,8543.27482129369
"5337","France","Telephone","Outdoors Shop","Personal Accessories","Watches","Mountain Man Extreme",2012,"Q1 2012",8896.15,31,0.59511811,8618.51615163879
"5385","France","Telephone","Eyewear Store","Personal Accessories","Knives","Max Gizmo",2012,"Q1 2012",8595,225,0.53918557,8709.4084821041
"5423","France","Telephone","Sports Store","Personal Accessories","Watches","Mountain Man Extreme",2012,"Q1 2012",8389.8,30,0.58453122,8547.48194852863
"5428","France","Telephone","Sports Store","Personal Accessories","Knives","Bear Edge",2012,"Q1 2012",8724.6,222,0.40127226,8682.98472292271
"5430","France","Telephone","Sports Store","Personal Accessories","Binoculars","Seeker Mini",2012,"Q1 2012",8927.73,111,0.50267313,8692.83121418752
"5649","France","Web","Eyewear Store","Personal Accessories","Eyewear","Trendi",2012,"Q1 2012",8701.9,173,0.39662028,8643.77838238123
"5690","France","Web","Sports Store","Personal Accessories","Eyewear","Polar Ice",2012,"Q1 2012",8408.4,80,0.52723467,8483.07519969381
"5805","France","Sales visit","Eyewear Store","Personal Accessories","Eyewear","Polar Sports",2012,"Q1 2012",8419.82,73,0.48950928,8447.37956357429
"6037","Germany","Web","Outdoors Shop","Mountaineering Equipment","Climbing Accessories","Firefly Climbing Lamp",2012,"Q1 2012",8301.06,214,0.42768755,8353.66971906248
"6112","Germany","Web","Eyewear Store","Personal Accessories","Binoculars","Seeker Extreme",2012,"Q1 2012",8585.5,50,0.45186652,8605.27796429502
"6151","Germany","Web","Sports Store","Camping Equipment","Lanterns","Flicker Lantern",2012,"Q1 2012",8922.24,261,0.54307214,8837.02497260566
"6339","Switzerland","Fax","Sports Store","Personal Accessories","Watches","Kodiak",2012,"Q1 2012",8781.9,73,0.44352589,8644.33465517527
"6379","Switzerland","Web","Golf Shop","Personal Accessories","Eyewear","Hawk Eye",2012,"Q1 2012",8262,204,0.39975309,8370.92220904284
"6473","Switzerland","Web","Warehouse Store","Personal Accessories","Navigation","Glacier Deluxe",2012,"Q1 2012",8325.95,89,0.39893105,8338.61783935422
"6557","Switzerland","Web","Eyewear Store","Personal Accessories","Watches","Kodiak",2012,"Q1 2012",8541.3,71,0.44272652,8583.50743011945
"6560","Switzerland","Web","Eyewear Store","Personal Accessories","Eyewear","Polar Sports",2012,"Q1 2012",8881.18,77,0.48950928,8599.18193424967
"6881","United Kingdom","E-mail","Outdoors Shop","Personal Accessories","Knives","Bear Edge",2012,"Q1 2012",8488.8,216,0.40127226,8510.06530202235
"7081","United Kingdom","Web","Outdoors Shop","Mountaineering Equipment","Safety","Granite Signal Mirror",2012,"Q1 2012",8811,267,0.52393939,8731.81320378385
"7436","Belgium","Web","Eyewear Store","Personal Accessories","Binoculars","Seeker Extreme",2012,"Q1 2012",8585.5,50,0.45186652,8605.27796429502
"7505","Belgium","Web","Sports Store","Personal Accessories","Binoculars","Seeker Extreme",2012,"Q1 2012",8585.5,50,0.45186652,8605.27796429502
"7642","Austria","Telephone","Department Store","Outdoor Protection","First Aid","Deluxe Family Relief Kit",2012,"Q1 2012",8266.3,241,0.59067055,8291.39879062686
"7671","Austria","Telephone","Outdoors Shop","Mountaineering Equipment","Climbing Accessories","Firefly Climbing Lamp",2012,"Q1 2012",8922.91,229,0.43025313,8796.19829758516
"7684","Austria","Telephone","Outdoors Shop","Personal Accessories","Binoculars","Seeker Extreme",2012,"Q1 2012",8413.79,49,0.45186652,8576.45806081163
"7879","Austria","Web","Sports Store","Personal Accessories","Watches","Mountain Man Extreme",2012,"Q1 2012",8366.21,29,0.59724774,8569.36805837774
"7911","Austria","Web","Sports Store","Personal Accessories","Binoculars","Seeker Mini",2012,"Q1 2012",8749.34,106,0.51539202,8599.44716027114
"7943","Italy","Fax","Outdoors Shop","Personal Accessories","Watches","TX",2012,"Q1 2012",8640,48,0.45177778,8684.8771742466
"7944","Italy","Fax","Outdoors Shop","Personal Accessories","Watches","Legend",2012,"Q1 2012",8646.4,32,0.44478164,8617.20252449126
"8082","Italy","Web","Department Store","Personal Accessories","Watches","Lux",2012,"Q1 2012",8861.6,53,0.47882775,8567.79598243259
"8103","Italy","Web","Department Store","Personal Accessories","Binoculars","Opera Vision",2012,"Q1 2012",8360,76,0.544,8531.38586008691
"8260","Italy","Sales visit","Warehouse Store","Personal Accessories","Knives","Bear Edge",2012,"Q1 2012",8685.3,221,0.40127226,8617.64206269751
"8494","Spain","Web","Outdoors Shop","Personal Accessories","Eyewear","Polar Sports",2012,"Q1 2012",8765.84,76,0.48950928,8570.36203076628
"8681","United States","Telephone","Golf Shop","Golf Equipment","Golf Accessories","Course Pro Golf Bag",2012,"Q2 2012",8657.88,42,0.61336955,8569.10398672509
"8709","United States","Telephone","Department Store","Camping Equipment","Lanterns","EverGlow Double",2012,"Q2 2012",8442.51,165,0.43811141,8508.20855727454
"8712","United States","Telephone","Department Store","Camping Equipment","Lanterns","Flicker Lantern",2012,"Q2 2012",8305.76,244,0.54112808,8339.33484385675
"8840","United States","Telephone","Outdoors Shop","Personal Accessories","Watches","Infinity",2012,"Q2 2012",8640,39,0.46794444,8673.93685252663
"8841","United States","Telephone","Outdoors Shop","Personal Accessories","Watches","Lux",2012,"Q2 2012",8292.4,47,0.47485408,8379.0318993134
"9086","United States","Web","Department Store","Outdoor Protection","First Aid","Deluxe Family Relief Kit",2012,"Q2 2012",8623.3,254,0.58645066,8649.23109293745
"9185","United States","Web","Outdoors Shop","Camping Equipment","Lanterns","Firefly 2",2012,"Q2 2012",8243.22,306,0.39631843,8305.94016106698
"9447","United States","Sales visit","Outdoors Shop","Personal Accessories","Watches","Mountain Man Deluxe",2012,"Q2 2012",8432.6,110,0.49126011,8440.81933659583
"9750","Canada","Web","Department Store","Outdoor Protection","First Aid","Deluxe Family Relief Kit",2012,"Q2 2012",8952.3,261,0.59067055,8867.79686029472
"9928","Canada","Web","Eyewear Store","Personal Accessories","Eyewear","Retro",2012,"Q2 2012",8395.1,134,0.44070231,8410.70314631561
"9966","Canada","Web","Sports Store","Personal Accessories","Watches","Mountain Man Digital",2012,"Q2 2012",8965.99,263,0.41333863,9612.05972343982
"10058","Mexico","Web","Golf Shop","Personal Accessories","Watches","Mountain Man Deluxe",2012,"Q2 2012",8662.58,113,0.49126011,8563.80180378782
"10063","Mexico","Web","Golf Shop","Personal Accessories","Watches","Kodiak",2012,"Q2 2012",8541.3,71,0.43660099,8559.08241401059
"10120","Mexico","Web","Department Store","Personal Accessories","Eyewear","Maximus",2012,"Q2 2012",8640,108,0.4965,8679.65600506263
"10196","Mexico","Web","Outdoors Shop","Personal Accessories","Eyewear","Polar Sun",2012,"Q2 2012",8282.52,136,0.57061377,8384.93764556148
"10210","Mexico","Web","Outdoors Shop","Personal Accessories","Knives","Bear Edge",2012,"Q2 2012",8449.5,215,0.40127226,8481.24539853895
"10345","Mexico","Sales visit","Outdoors Shop","Camping Equipment","Lanterns","Firefly Extreme",2012,"Q2 2012",8598.1,173,0.43420523,8721.28457294056
"10458","Brazil","Web","Department Store","Camping Equipment","Sleeping Bags","Hibernator Pad",2012,"Q2 2012",8753.46,222,0.51382196,8746.38203893684
"10476","Brazil","Web","Department Store","Personal Accessories","Watches","Mountain Man Combination",2012,"Q2 2012",8640.59,91,0.52607403,8609.16099727207
"10625","Brazil","Web","Outdoors Shop","Personal Accessories","Knives","Bear Edge",2012,"Q2 2012",8724.6,222,0.40127226,8682.98472292271
"10762","Japan","Telephone","Golf Shop","Personal Accessories","Watches","Mountain Man Combination",2012,"Q2 2012",8936.58,94,0.52666456,8697.97539454327
"10856","Japan","E-mail","Department Store","Personal Accessories","Binoculars","Seeker Mini",2012,"Q2 2012",8525.58,106,0.50267313,8548.73169677055
"10983","Japan","Web","Department Store","Personal Accessories","Binoculars","Seeker Mini",2012,"Q2 2012",8847.3,110,0.50267313,8664.01131070413
"11072","Japan","Web","Outdoors Shop","Personal Accessories","Watches","Zodiak",2012,"Q2 2012",8681.8,83,0.42428298,8715.92006924955
"11191","Japan","Web","Sports Store","Personal Accessories","Eyewear","Polar Ice",2012,"Q2 2012",8783.5,82,0.53610975,8576.10361335543
"11296","Singapore","Web","Golf Shop","Personal Accessories","Watches","Infinity",2012,"Q2 2012",8580,38,0.45662005,8599.96193255112
"11301","Singapore","Web","Golf Shop","Personal Accessories","Eyewear","Polar Ice",2012,"Q2 2012",8968.3,86,0.52350613,8641.1273928502
"11311","Singapore","Web","Golf Shop","Personal Accessories","Eyewear","Retro",2012,"Q2 2012",8457.75,135,0.44772546,8467.52724729456
"11389","Singapore","Web","Department Store","Personal Accessories","Eyewear","Retro",2012,"Q2 2012",8332.45,133,0.44772546,8409.88744032777
"11414","Singapore","Web","Department Store","Outdoor Protection","First Aid","Deluxe Family Relief Kit",2012,"Q2 2012",8385.65,247,0.58645066,8447.49176855369
"11708","Korea","Web","Department Store","Camping Equipment","Lanterns","Firefly Extreme",2012,"Q2 2012",8697.5,175,0.43420523,8815.44713664915
"11712","Korea","Web","Department Store","Camping Equipment","Lanterns","Flicker Lantern",2012,"Q2 2012",8510,250,0.54112808,8512.25426475711
"11730","Korea","Web","Department Store","Personal Accessories","Watches","Mountain Man Digital",2012,"Q2 2012",8637.04,214,0.50445986,8563.22240238548
"11818","Korea","Web","Warehouse Store","Outdoor Protection","First Aid","Compact Relief Kit",2012,"Q2 2012",8407.42,373,0.60070985,8388.224776786
"11841","Korea","Web","Sports Store","Camping Equipment","Lanterns","Flicker Lantern",2012,"Q2 2012",8544.04,251,0.54112808,8541.0741682405
"11994","China","Telephone","Outdoors Shop","Personal Accessories","Watches","Mountain Man Extreme",2012,"Q2 2012",8578.32,31,0.58011709,8558.70089399589
"12324","Australia","Telephone","Golf Shop","Golf Equipment","Golf Accessories","Course Pro Golf Bag",2012,"Q2 2012",8245.6,40,0.61336955,8511.4641797583
"12388","Australia","Telephone","Outdoors Shop","Mountaineering Equipment","Climbing Accessories","Granite Belay",2012,"Q2 2012",8225,125,0.47613982,8452.30040200906
"12403","Australia","Telephone","Outdoors Shop","Personal Accessories","Watches","Mountain Man Extreme",2012,"Q2 2012",8943.19,31,0.59724774,8627.00786534453
"12575","Australia","Sales visit","Golf Shop","Golf Equipment","Golf Accessories","Course Pro Golf Bag",2012,"Q2 2012",8245.6,40,0.61336955,8474.9414230165
"12792","Netherlands","Telephone","Sports Store","Personal Accessories","Binoculars","Seeker Mini",2012,"Q2 2012",8686.44,108,0.50267313,8606.37150373734
"12839","Netherlands","Mail","Eyewear Store","Personal Accessories","Eyewear","Polar Sports",2012,"Q2 2012",8535.16,74,0.48950928,8512.72222379949
"13313","Sweden","Web","Sports Store","Personal Accessories","Eyewear","Bella",2012,"Q2 2012",8640,128,0.45192593,8652.35181540366
"13439","Denmark","Web","Department Store","Outdoor Protection","First Aid","Deluxe Family Relief Kit",2012,"Q2 2012",8385.65,247,0.58645066,8447.49176855369
"13467","Denmark","Web","Outdoors Shop","Personal Accessories","Watches","Infinity",2012,"Q2 2012",8480,37,0.44619575,8529.57604287166
"13472","Denmark","Web","Outdoors Shop","Personal Accessories","Watches","Kodiak",2012,"Q2 2012",8781.9,73,0.44023275,8631.20354692036
"13522","Denmark","Web","Sports Store","Personal Accessories","Eyewear","Retro",2012,"Q2 2012",8520.4,136,0.44070231,8468.3429532824
"13535","Denmark","Sales visit","Direct Marketing","Personal Accessories","Binoculars","Seeker Extreme",2012,"Q2 2012",8585.5,50,0.45186652,8568.75520755322
"13608","Finland","Web","Department Store","Personal Accessories","Watches","Infinity",2012,"Q2 2012",8600,37,0.43808372,8497.23003143664
"13625","Finland","Web","Department Store","Personal Accessories","Knives","Bear Edge",2012,"Q2 2012",8567.4,218,0.40127226,8567.70510898914
"13637","Finland","Web","Department Store","Outdoor Protection","First Aid","Deluxe Family Relief Kit",2012,"Q2 2012",8996.75,265,0.58645066,8966.25003125477
"13674","Finland","Web","Warehouse Store","Personal Accessories","Knives","Bear Edge",2012,"Q2 2012",8488.8,216,0.40127226,8510.06530202235
"13841","Finland","Web","Sports Store","Personal Accessories","Eyewear","Bella",2012,"Q2 2012",8235,122,0.44755556,8462.00592566686
"13855","Finland","Web","Sports Store","Personal Accessories","Knives","Bear Survival Edge",2012,"Q2 2012",8328,96,0.48126801,8499.17014732121
"13935","France","Fax","Outdoors Shop","Mountaineering Equipment","Climbing Accessories","Granite Pulley",2012,"Q2 2012",8256.64,224,0.50217037,8330.0914613183
"14116","France","Telephone","Outdoors Shop","Personal Accessories","Binoculars","Seeker Extreme",2012,"Q2 2012",8585.5,50,0.45186652,8605.27796429502
"14226","France","Web","Department Store","Personal Accessories","Watches","Zodiak",2012,"Q2 2012",8368,80,0.42428298,8629.46035879937
"14239","France","Web","Department Store","Personal Accessories","Knives","Max Gizmo",2012,"Q2 2012",8518.6,223,0.53769634,8645.83050052388
"14428","France","Web","Eyewear Store","Personal Accessories","Eyewear","Hawk Eye",2012,"Q2 2012",8424,208,0.40222222,8496.04726329339
"14645","Germany","E-mail","Department Store","Personal Accessories","Watches","Mountain Man Deluxe",2012,"Q2 2012",8846.77,113,0.50185209,8606.03639934521
"14695","Germany","E-mail","Outdoors Shop","Mountaineering Equipment","Climbing Accessories","Granite Belay",2012,"Q2 2012",8948.8,136,0.47613982,8769.31934032639
"14720","Germany","E-mail","Outdoors Shop","Personal Accessories","Binoculars","Seeker Extreme",2012,"Q2 2012",8585.5,50,0.45186652,8605.27796429502
"15091","Switzerland","Fax","Golf Shop","Personal Accessories","Watches","Venue",2012,"Q2 2012",8906,122,0.41384684,8659.36028277631
"15095","Switzerland","Fax","Golf Shop","Personal Accessories","Watches","Legend",2012,"Q2 2012",8483.2,32,0.43047906,8560.17223537371
"15208","Switzerland","Web","Department Store","Personal Accessories","Eyewear","Polar Sun",2012,"Q2 2012",8201.24,135,0.5695468,8351.86329235085
"15376","Switzerland","Web","Sports Store","Camping Equipment","Packs","Canyon Mule Cooler",2012,"Q2 2012",8789.64,267,0.51397327,8789.64
"15455","Switzerland","Sales visit","Sports Store","Camping Equipment","Lanterns","EverGlow Lamp",2012,"Q2 2012",8855.5,398,0.5505618,9973.88735652267
"15507","United Kingdom","Fax","Outdoors Shop","Personal Accessories","Eyewear","Bella",2012,"Q2 2012",8977.5,133,0.45190643,8796.37357827299
"15529","United Kingdom","Telephone","Golf Shop","Golf Equipment","Putters","Blue Steel Putter",2012,"Q2 2012",8343,100,0.50617284,8498.77037467514
"15585","United Kingdom","Telephone","Department Store","Golf Equipment","Putters","Blue Steel Putter",2012,"Q2 2012",8843.58,106,0.50617284,8671.6897955755
"15795","United Kingdom","Web","Outdoors Shop","Camping Equipment","Lanterns","Firefly Extreme",2012,"Q2 2012",8835.9,177,0.43670254,8883.04474922277
"15914","United Kingdom","Web","Sports Store","Camping Equipment","Packs","Canyon Mule Carryall",2012,"Q2 2012",8981.7,130,0.40396584,8812.51460268119
"15955","United Kingdom","Web","Sports Store","Personal Accessories","Knives","Max Gizmo",2012,"Q2 2012",8289.4,217,0.53769634,8472.91107962352
"16072","Belgium","Web","Department Store","Personal Accessories","Watches","Kodiak",2012,"Q2 2012",8954.5,70,0.47149478,8669.39845188233
"16147","Belgium","Web","Outdoors Shop","Mountaineering Equipment","Climbing Accessories","Granite Belay",2012,"Q2 2012",8883,135,0.47613982,8740.499436843
"16221","Belgium","Web","Sports Store","Camping Equipment","Lanterns","Firefly Extreme",2012,"Q2 2012",8888.94,177,0.44006372,8896.44716103771
"16243","Belgium","Web","Sports Store","Personal Accessories","Eyewear","Bella",2012,"Q2 2012",8977.5,133,0.44755556,8779.02486398418
"16253","Belgium","Web","Sports Store","Personal Accessories","Eyewear","Retro",2012,"Q2 2012",8269.8,132,0.44070231,8353.06333934883
"16301","Belgium","Sales visit","Outdoors Shop","Camping Equipment","Lanterns","EverGlow Single",2012,"Q2 2012",8699.45,257,0.46706056,8674.06878488905
"16509","Austria","Web","Department Store","Personal Accessories","Eyewear","Trendi",2012,"Q2 2012",8651.6,172,0.39681909,8615.75121641649
"16649","Austria","Web","Sports Store","Personal Accessories","Eyewear","Polar Ice",2012,"Q2 2012",8433.7,80,0.5286529,8488.73026800563
"16700","Austria","Sales visit","Sports Store","Camping Equipment","Lanterns","Flicker Lantern",2012,"Q2 2012",8646.16,254,0.54112808,8591.01112194888
"16763","Italy","E-mail","Sports Store","Personal Accessories","Eyewear","Polar Ice",2012,"Q2 2012",8888,83,0.53597322,8604.37911538306
"16856","Italy","Web","Department Store","Personal Accessories","Watches","Lux",2012,"Q2 2012",8360,50,0.47715311,8474.6587911805
"16873","Italy","Web","Department Store","Personal Accessories","Knives","Bear Edge",2012,"Q2 2012",8724.6,222,0.40127226,8682.98472292271
"16948","Italy","Web","Outdoors Shop","Personal Accessories","Watches","Mountain Man Combination",2012,"Q2 2012",8461.23,89,0.52666456,8553.87587712631
"16973","Italy","Web","Outdoors Shop","Personal Accessories","Knives","Bear Edge",2012,"Q2 2012",8724.6,222,0.40127226,8682.98472292271
"17139","Spain","Web","Golf Shop","Personal Accessories","Watches","Mountain Man Deluxe",2012,"Q2 2012",8585.92,112,0.49126011,8534.98190030442
"17162","Spain","Web","Golf Shop","Personal Accessories","Binoculars","Seeker Mini",2012,"Q2 2012",8203.86,102,0.50267313,8433.45208283698
"17189","Spain","Web","Department Store","Personal Accessories","Eyewear","Polar Ice",2012,"Q2 2012",8558,82,0.52388642,8527.36415209186
"17275","Spain","Web","Outdoors Shop","Personal Accessories","Watches","Mountain Man Combination",2012,"Q2 2012",8841.51,93,0.52666456,8669.15549105988
"17433","United States","Fax","Outdoors Shop","Mountaineering Equipment","Climbing Accessories","Firefly Climbing Lamp",2012,"Q3 2012",8572.59,221,0.42768755,8555.40904344623
"17438","United States","Fax","Outdoors Shop","Personal Accessories","Eyewear","Polar Sun",2012,"Q3 2012",8759.72,145,0.56713799,8630.4574076018
"17458","United States","Telephone","Golf Shop","Personal Accessories","Eyewear","Retro",2012,"Q3 2012",8896.3,142,0.44197925,8646.35406095436
"17515","United States","Telephone","Department Store","Personal Accessories","Watches","Kodiak",2012,"Q3 2012",8300.7,69,0.43491272,8494.71077780681
"17611","United States","Telephone","Outdoors Shop","Personal Accessories","Eyewear","Polar Sports",2012,"Q3 2012",8304.48,72,0.48950928,8455.0824168327
"17626","United States","Telephone","Outdoors Shop","Personal Accessories","Binoculars","Opera Vision",2012,"Q3 2012",8360,76,0.54181818,8522.68604331242
"17714","United States","Mail","Department Store","Camping Equipment","Lanterns","Flicker Lantern",2012,"Q3 2012",8646.16,254,0.54112808,8627.53387869068
"17809","United States","Web","Department Store","Camping Equipment","Lanterns","EverGlow Single",2012,"Q3 2012",8733.3,258,0.46706056,8739.41144511425
"17823","United States","Web","Department Store","Personal Accessories","Watches","Zodiak",2012,"Q3 2012",8624,77,0.41714286,8514.53004319027
"17843","United States","Web","Department Store","Personal Accessories","Binoculars","Seeker Mini",2012,"Q3 2012",8445.15,105,0.50267313,8519.91179328716
"18038","United States","Web","Eyewear Store","Personal Accessories","Eyewear","Polar Extreme",2012,"Q3 2012",8254.31,56,0.50813575,8473.59778186531
"18205","United States","Sales visit","Outdoors Shop","Personal Accessories","Knives","Bear Survival Edge",2012,"Q3 2012",8328,96,0.48126801,8462.64739057941
"18210","United States","Sales visit","Outdoors Shop","Outdoor Protection","First Aid","Compact Relief Kit",2012,"Q3 2012",8437.78,373,0.60214654,8357.43069599443
"18250","United States","Special","Outdoors Shop","Personal Accessories","Knives","Bear Survival Edge",2012,"Q3 2012",8241.25,95,0.48126801,8262.75413923404
"18392","Canada","E-mail","Outdoors Shop","Personal Accessories","Eyewear","Hawk Eye",2012,"Q3 2012",8545.5,211,0.3945679,8551.98604097492
"18433","Canada","E-mail","Sports Store","Personal Accessories","Eyewear","Hawk Eye",2012,"Q3 2012",8343,206,0.43604938,8573.29030367482
"18628","Canada","Web","Outdoors Shop","Mountaineering Equipment","Safety","Granite Signal Mirror",2012,"Q3 2012",8910,270,0.52393939,8818.27291423403
"18712","Canada","Web","Eyewear Store","Personal Accessories","Binoculars","Seeker Mini",2012,"Q3 2012",8686.44,108,0.50267313,8606.37150373734
"18771","Canada","Web","Sports Store","Personal Accessories","Knives","Max Gizmo",2012,"Q3 2012",8480.4,222,0.53867742,8620.92256789103
"18840","Mexico","Mail","Outdoors Shop","Mountaineering Equipment","Climbing Accessories","Firefly Climbing Lamp",2012,"Q3 2012",8339.85,215,0.42768755,8382.48962254587
"18915","Mexico","Web","Department Store","Personal Accessories","Watches","Zodiak",2012,"Q3 2012",8512,76,0.41767857,8487.84623656374
"18929","Mexico","Web","Department Store","Personal Accessories","Binoculars","Seeker Mini",2012,"Q3 2012",8847.3,110,0.50267313,8664.01131070413
"19107","Mexico","Sales visit","Equipment Rental Store","Camping Equipment","Lanterns","Flicker Lantern",2012,"Q3 2012",8850.4,260,0.54112808,8763.93054284924
"19155","Mexico","Sales visit","Eyewear Store","Personal Accessories","Eyewear","Polar Extreme",2012,"Q3 2012",8252.73,57,0.49925661,8430.49013301651
"19156","Mexico","Sales visit","Eyewear Store","Personal Accessories","Binoculars","Seeker Mini",2012,"Q3 2012",8203.86,102,0.50267313,8396.92932609517
"19223","Brazil","Web","Golf Shop","Personal Accessories","Eyewear","Inferno",2012,"Q3 2012",8645.7,138,0.44022346,8796.29928249013
"19224","Brazil","Web","Golf Shop","Personal Accessories","Eyewear","Maximus",2012,"Q3 2012",8800,110,0.48775,8702.40595091495
"19283","Brazil","Web","Department Store","Personal Accessories","Eyewear","Maximus",2012,"Q3 2012",8640,108,0.4875,8643.76929077347
"19337","Brazil","Web","Warehouse Store","Personal Accessories","Binoculars","Seeker Mini",2012,"Q3 2012",8766.87,109,0.50267313,8635.19140722073
"19367","Brazil","Web","Outdoors Shop","Mountaineering Equipment","Safety","Granite Signal Mirror",2012,"Q3 2012",8844,268,0.52393939,8760.63310726724
"19584","Japan","E-mail","Department Store","Personal Accessories","Watches","Mountain Man Combination",2012,"Q3 2012",8271.09,87,0.52666456,8496.23607015952
"19879","Japan","Web","Eyewear Store","Personal Accessories","Eyewear","Polar Extreme",2012,"Q3 2012",8601.4,58,0.5111261,8543.16134839595
"20016","Singapore","Fax","Outdoors Shop","Personal Accessories","Knives","Bear Edge",2012,"Q3 2012",8921.1,227,0.40127226,8827.08424033968
"20039","Singapore","Telephone","Department Store","Personal Accessories","Binoculars","Seeker Mini",2012,"Q3 2012",8606.01,107,0.50267313,8577.55160025394
"20064","Singapore","Telephone","Direct Marketing","Camping Equipment","Lanterns","Flicker Lantern",2012,"Q3 2012",8237.68,242,0.54112808,8281.69503688996
"20078","Singapore","Web","Golf Shop","Personal Accessories","Eyewear","Polar Sports",2012,"Q3 2012",8765.84,76,0.48950928,8570.36203076628
"20153","Singapore","Web","Department Store","Personal Accessories","Watches","Zodiak",2012,"Q3 2012",8848,79,0.41767857,8574.30594701393
"20169","Singapore","Web","Department Store","Personal Accessories","Eyewear","Retro",2012,"Q3 2012",8207.15,131,0.44469274,8340.15492712109
"20250","Singapore","Web","Outdoors Shop","Mountaineering Equipment","Safety","Granite Signal Mirror",2012,"Q3 2012",8214.36,254,0.51422387,8318.41467067632
"20355","Korea","Telephone","Sports Store","Personal Accessories","Watches","Mountain Man Deluxe",2012,"Q3 2012",8355.94,109,0.49126011,8448.52218985424
"20364","Korea","Telephone","Sports Store","Personal Accessories","Knives","Bear Survival Edge",2012,"Q3 2012",8935.25,103,0.48126801,8700.90947170497
"20572","Korea","Web","Sports Store","Personal Accessories","Watches","Lux",2012,"Q3 2012",8861.6,53,0.47009569,8532.97765550194
"20611","Korea","Sales visit","Department Store","Camping Equipment","Tents","Star Gazer 6",2012,"Q3 2012",8318.8,10,0.41097274,8257.19459169064
"20631","Korea","Sales visit","Department Store","Mountaineering Equipment","Climbing Accessories","Firefly Climbing Lamp",2012,"Q3 2012",8339.85,215,0.42768755,8345.96686580407
"20793","China","Web","Department Store","Personal Accessories","Eyewear","Retro",2012,"Q3 2012",8958.95,143,0.44022346,8668.17290509534
"20975","China","Web","Sports Store","Camping Equipment","Lanterns","EverGlow Double",2012,"Q3 2012",8586.48,168,0.43748777,8592.18155766924
"21131","Australia","Telephone","Outdoors Shop","Personal Accessories","Binoculars","Seeker Extreme",2012,"Q3 2012",8585.5,50,0.45186652,8605.27796429502
"21255","Australia","Web","Warehouse Store","Camping Equipment","Lanterns","EverGlow Single",2012,"Q3 2012",8868.7,262,0.46706056,8854.69105904783
"21291","Australia","Web","Eyewear Store","Personal Accessories","Watches","Kodiak",2012,"Q3 2012",8300.7,69,0.43341646,8488.74457168211
"21323","Australia","Sales visit","Direct Marketing","Camping Equipment","Lanterns","EverGlow Single",2012,"Q3 2012",8428.65,249,0.46706056,8443.50955702191
"21330","Australia","Sales visit","Warehouse Store","Camping Equipment","Sleeping Bags","Hibernator Self - Inflating Mat",2012,"Q3 2012",8685.95,91,0.4284966,8685.95
"21390","Australia","Sales visit","Eyewear Store","Personal Accessories","Eyewear","Polar Sports",2012,"Q3 2012",8459.18,73,0.49188456,8456.85078520949
"21431","Netherlands","Telephone","Outdoors Shop","Camping Equipment","Tents","Star Gazer 6",2012,"Q3 2012",8318.8,10,0.41097274,8293.71734843244
"21449","Netherlands","Telephone","Outdoors Shop","Personal Accessories","Knives","Bear Survival Edge",2012,"Q3 2012",8761.75,101,0.48126801,8643.26966473818
"21475","Netherlands","Telephone","Sports Store","Personal Accessories","Eyewear","Polar Sun",2012,"Q3 2012",8541.15,144,0.5591226,8569.6768362466
"21504","Netherlands","Mail","Department Store","Personal Accessories","Knives","Bear Edge",2012,"Q3 2012",8410.2,214,0.40127226,8452.42549505556
"21561","Netherlands","Web","Department Store","Personal Accessories","Watches","Venue",2012,"Q3 2012",8322,114,0.41291276,8425.07649245547
"21569","Netherlands","Web","Department Store","Personal Accessories","Eyewear","Polar Sports",2012,"Q3 2012",8765.84,76,0.48950928,8570.36203076628
"21592","Netherlands","Web","Department Store","Outdoor Protection","First Aid","Deluxe Family Relief Kit",2012,"Q3 2012",8827,260,0.58645066,8822.15051383781
"21716","Netherlands","Web","Eyewear Store","Personal Accessories","Knives","Max Gizmo",2012,"Q3 2012",8480.4,222,0.53864912,8620.80972411165
"22003","Sweden","Web","Sports Store","Camping Equipment","Lanterns","EverGlow Single",2012,"Q3 2012",8394.8,248,0.46706056,8451.21241028032
"22074","Denmark","Web","Golf Shop","Personal Accessories","Eyewear","Maximus",2012,"Q3 2012",8400,102,0.50427143,8537.72448283208
"22075","Denmark","Web","Golf Shop","Personal Accessories","Eyewear","Trendi",2012,"Q3 2012",8752.2,174,0.39204771,8654.36556218049
"22208","Denmark","Web","Eyewear Store","Personal Accessories","Eyewear","Maximus",2012,"Q3 2012",8755,103,0.52176471,8636.29731313107
"22243","Denmark","Sales visit","Direct Marketing","Camping Equipment","Lanterns","EverGlow Single",2012,"Q3 2012",8902.55,263,0.46706056,8846.98820578942
"22465","Finland","Web","Eyewear Store","Personal Accessories","Eyewear","Polar Sports",2012,"Q3 2012",8304.48,72,0.48950928,8455.0824168327
"22523","Finland","Web","Sports Store","Personal Accessories","Eyewear","Polar Ice",2012,"Q3 2012",8598.7,80,0.53769756,8524.79506014592
"22610","Finland","Sales visit","Outdoors Shop","Personal Accessories","Knives","Bear Edge",2012,"Q3 2012",8410.2,214,0.40127226,8415.90273831376
"22636","France","Fax","Outdoors Shop","Mountaineering Equipment","Climbing Accessories","Firefly Charger",2012,"Q3 2012",8224,160,0.56498054,8308.56209520549
"22756","France","Telephone","Outdoors Shop","Mountaineering Equipment","Climbing Accessories","Firefly Climbing Lamp",2012,"Q3 2012",8727.75,225,0.42768755,8670.68865737981
"22804","France","Telephone","Sports Store","Camping Equipment","Lanterns","EverGlow Single",2012,"Q3 2012",8496.35,251,0.46706056,8537.6721207305
"22955","France","Web","Outdoors Shop","Camping Equipment","Lanterns","Firefly Extreme",2012,"Q3 2012",8436.96,168,0.44006372,8637.06802968717
"22963","France","Web","Outdoors Shop","Mountaineering Equipment","Safety","Granite Signal Mirror",2012,"Q3 2012",8778,266,0.52393939,8702.99330030045
"23022","France","Web","Outdoors Shop","Outdoor Protection","First Aid","Compact Relief Kit",2012,"Q3 2012",8840.28,389,0.60397182,8862.35005312138
"23037","France","Web","Eyewear Store","Personal Accessories","Eyewear","Bella",2012,"Q3 2012",8910,132,0.4477037,8750.79565581799
"23104","France","Web","Sports Store","Personal Accessories","Binoculars","Opera Vision",2012,"Q3 2012",8470,77,0.54181818,8551.50594679582
"23207","France","Sales visit","Outdoors Shop","Mountaineering Equipment","Climbing Accessories","Granite Pulley",2012,"Q3 2012",8588.38,233,0.50217037,8552.94783592704
"23209","France","Sales visit","Outdoors Shop","Mountaineering Equipment","Climbing Accessories","Firefly Charger",2012,"Q3 2012",8429.6,164,0.56498054,8387.31895239726
"23226","Germany","Mail","Warehouse Store","Camping Equipment","Lanterns","EverGlow Single",2012,"Q3 2012",8509,254,0.46149254,8601.92983752553
"23319","Germany","Web","Golf Shop","Personal Accessories","Watches","Lux",2012,"Q3 2012",8360,50,0.47009569,8446.51794505176
"23429","Germany","Web","Outdoors Shop","Mountaineering Equipment","Safety","Granite Signal Mirror",2012,"Q3 2012",8261.88,254,0.51701792,8329.5557011274
"23488","Germany","Web","Outdoors Shop","Outdoor Protection","First Aid","Compact Relief Kit",2012,"Q3 2012",8377.98,370,0.60252949,8309.02072197906
"23545","Germany","Web","Sports Store","Camping Equipment","Lanterns","Firefly Extreme",2012,"Q3 2012",8386.74,167,0.44006372,8608.24812620378
"23651","Germany","Sales visit","Outdoors Shop","Camping Equipment","Lanterns","Firefly Extreme",2012,"Q3 2012",8286.3,165,0.44006372,8514.08556249519
"23682","Switzerland","Fax","Golf Shop","Personal Accessories","Watches","Venue",2012,"Q3 2012",8979,123,0.4139726,8688.6816432807
"23688","Switzerland","Fax","Golf Shop","Personal Accessories","Watches","Kodiak",2012,"Q3 2012",8731.4,70,0.45558788,8605.97107682385
"23792","Switzerland","Web","Department Store","Personal Accessories","Knives","Bear Edge",2012,"Q3 2012",8921.1,227,0.40127226,8827.08424033968
"23919","Switzerland","Web","Eyewear Store","Personal Accessories","Watches","Venue",2012,"Q3 2012",8468,116,0.41068493,8473.8330217895
"24075","Switzerland","Special","Department Store","Golf Equipment","Golf Accessories","Course Pro Golf Bag",2012,"Q3 2012",8245.6,40,0.61336955,8303.86807515452
"24118","United Kingdom","Fax","Outdoors Shop","Personal Accessories","Watches","Legend",2012,"Q3 2012",8605.6,32,0.4428837,8609.6346544337
"24191","United Kingdom","Web","Golf Shop","Personal Accessories","Watches","Zodiak",2012,"Q3 2012",8624,77,0.4175,8515.95410776151
"24251","United Kingdom","Web","Department Store","Camping Equipment","Lanterns","Flicker Lantern",2012,"Q3 2012",8918.48,262,0.54112808,8858.09310655783
"24391","United Kingdom","Web","Outdoors Shop","Personal Accessories","Watches","Mountain Man Combination",2012,"Q3 2012",8979.69,93,0.53394828,8698.19868868236
"24419","United Kingdom","Web","Outdoors Shop","Personal Accessories","Knives","Max Gizmo",2012,"Q3 2012",8938.8,234,0.53888106,8967.57340641373
"24449","United Kingdom","Web","Eyewear Store","Personal Accessories","Eyewear","Polar Extreme",2012,"Q3 2012",8798.53,61,0.49735922,8574.72682671132
"24521","United Kingdom","Web","Sports Store","Personal Accessories","Eyewear","Hawk Eye",2012,"Q3 2012",8829,218,0.43630989,8920.16790635771
"24641","Belgium","Web","Department Store","Personal Accessories","Binoculars","Seeker Mini",2012,"Q3 2012",8847.3,110,0.50267313,8664.01131070413
"24681","Belgium","Web","Warehouse Store","Camping Equipment","Lanterns","EverGlow Single",2012,"Q3 2012",8767.15,259,0.46706056,8768.23134859765
"24699","Belgium","Web","Outdoors Shop","Mountaineering Equipment","Climbing Accessories","Firefly Climbing Lamp",2012,"Q3 2012",8495.01,219,0.42768755,8497.76923647945
"24733","Belgium","Web","Outdoors Shop","Personal Accessories","Binoculars","Seeker Extreme",2012,"Q3 2012",8757.21,51,0.45186652,8634.09786777842
"24750","Belgium","Web","Eyewear Store","Personal Accessories","Eyewear","Polar Ice",2012,"Q3 2012",8245.6,78,0.52995294,8436.27425704378
"24764","Belgium","Web","Eyewear Store","Personal Accessories","Binoculars","Opera Vision",2012,"Q3 2012",8910,81,0.54186644,8666.97799326623
"24902","Belgium","Sales visit","Outdoors Shop","Personal Accessories","Binoculars","Seeker Extreme",2012,"Q3 2012",8757.21,51,0.45186652,8597.57511103661
"25090","Austria","Web","Department Store","Personal Accessories","Eyewear","Hawk Eye",2012,"Q3 2012",8221.5,203,0.39135802,8308.62769683416
"25115","Austria","Web","Warehouse Store","Personal Accessories","Binoculars","Seeker Mini",2012,"Q3 2012",8847.3,110,0.50267313,8664.01131070413
"25134","Austria","Web","Outdoors Shop","Mountaineering Equipment","Climbing Accessories","Granite Pulley",2012,"Q3 2012",8698.96,236,0.50217037,8675.93030311902
"25267","Austria","Sales visit","Warehouse Store","Camping Equipment","Lanterns","EverGlow Single",2012,"Q3 2012",8360.95,247,0.46706056,8385.86975005512
"25273","Austria","Sales visit","Sports Store","Camping Equipment","Lanterns","Firefly Extreme",2012,"Q3 2012",8788.5,175,0.44006372,8802.28459732912
"25562","Italy","Web","Eyewear Store","Personal Accessories","Eyewear","Retro",2012,"Q3 2012",8457.75,135,0.44469274,8455.43454105466
"25762","Spain","Web","Department Store","Personal Accessories","Knives","Bear Survival Edge",2012,"Q3 2012",8848.5,102,0.48126801,8672.08956822157
"25931","Spain","Web","Sports Store","Personal Accessories","Knives","Bear Edge",2012,"Q3 2012",8921.1,227,0.40127226,8827.08424033968
"26113","United States","Telephone","Outdoors Shop","Mountaineering Equipment","Safety","Granite Signal Mirror",2012,"Q4 2012",8764.14,271,0.51422387,8865.82508431155
"26125","United States","Telephone","Outdoors Shop","Personal Accessories","Watches","Venue",2012,"Q4 2012",8614,118,0.41178082,8593.31464887631
"26176","United States","Telephone","Sports Store","Personal Accessories","Eyewear","Bella",2012,"Q4 2012",8257.5,122,0.44630336,8514.48494190296
"26213","United States","Web","Golf Shop","Personal Accessories","Knives","Max Gizmo",2012,"Q4 2012",8251.2,216,0.53895676,8506.58904527149
"26651","United States","Sales visit","Outdoors Shop","Camping Equipment","Sleeping Bags","Hibernator Pad",2012,"Q4 2012",8595.74,218,0.51382196,8652.051722679
"26688","United States","Sales visit","Outdoors Shop","Outdoor Protection","First Aid","Compact Relief Kit",2012,"Q4 2012",8227.1,365,0.60070985,8178.61484659458
"26877","Canada","E-mail","Sports Store","Personal Accessories","Knives","Bear Survival Edge",2012,"Q4 2012",8761.75,101,0.48126801,8700.74171915572
"26957","Canada","Web","Department Store","Personal Accessories","Watches","Mountain Man Digital",2012,"Q4 2012",8523.02,209,0.50956351,8496.94529820627
"27094","Canada","Web","Outdoors Shop","Personal Accessories","Eyewear","Bella",2012,"Q4 2012",8842.5,131,0.44711111,8777.08490586096
"27108","Canada","Web","Outdoors Shop","Personal Accessories","Knives","Bear Edge",2012,"Q4 2012",8331.6,212,0.40127226,8452.25774250631
"27128","Canada","Web","Outdoors Shop","Outdoor Protection","First Aid","Compact Relief Kit",2012,"Q4 2012",8497.58,377,0.60070985,8560.97644513711
"27149","Canada","Web","Eyewear Store","Personal Accessories","Eyewear","Trendi",2012,"Q4 2012",8953.4,178,0.39050863,8820.98028339514
"27275","Mexico","Web","Golf Shop","Personal Accessories","Watches","Lux",2012,"Q4 2012",8812.4,51,0.47226635,8541.46522020146
"27332","Mexico","Web","Department Store","Personal Accessories","Watches","Legend",2012,"Q4 2012",8840,34,0.41530769,8614.7895833619
"27341","Mexico","Web","Department Store","Personal Accessories","Eyewear","Maximus",2012,"Q4 2012",8925,105,0.52341176,8757.97664260095
"27509","Mexico","Sales visit","Department Store","Personal Accessories","Eyewear","Polar Sun",2012,"Q4 2012",8674.91,144,0.56592057,8617.73244582637
"27629","Brazil","Web","Golf Shop","Personal Accessories","Watches","Kodiak",2012,"Q4 2012",8300.7,69,0.4325852,8542.90204941964
"27686","Brazil","Web","Department Store","Personal Accessories","Eyewear","Bella",2012,"Q4 2012",8925,119,0.41746667,8313.04144755553
"27815","Brazil","Web","Outdoors Shop","Personal Accessories","Knives","Bear Survival Edge",2012,"Q4 2012",8639.92,116,0.43228641,8937.73041755926
"27816","Brazil","Web","Outdoors Shop","Personal Accessories","Knives","Max Gizmo",2012,"Q4 2012",8709.6,228,0.53866079,8851.24773253574
"27897","Brazil","Web","Sports Store","Personal Accessories","Binoculars","Seeker Extreme",2012,"Q4 2012",8757.21,51,0.45186652,8691.56992219595
"28012","Japan","Web","Golf Shop","Personal Accessories","Watches","Mountain Man Combination",2012,"Q4 2012",8936.58,94,0.52666456,8755.44744896081
"28098","Japan","Web","Department Store","Personal Accessories","Watches","Venue",2012,"Q4 2012",8468,116,0.41178082,8535.67484190952
"28381","Singapore","Fax","Outdoors Shop","Personal Accessories","Watches","Mountain Man Deluxe",2012,"Q4 2012",8969.22,117,0.49126011,8736.55347213893
"28771","Korea","Web","Department Store","Camping Equipment","Lanterns","EverGlow Double",2012,"Q4 2012",8425.5,166,0.43356477,8576.37118510262
"28945","Korea","Web","Sports Store","Personal Accessories","Knives","Bear Survival Edge",2012,"Q4 2012",8588.25,99,0.48126801,8643.10191218893
"29062","China","Web","Department Store","Personal Accessories","Eyewear","Retro",2012,"Q4 2012",8771,140,0.44213887,8646.8227792201
"29346","Australia","Telephone","Department Store","Camping Equipment","Lanterns","EverGlow Single",2012,"Q4 2012",8801,260,0.46706056,8854.52330649858
"29380","Australia","Telephone","Outdoors Shop","Camping Equipment","Sleeping Bags","Hibernator Pad",2012,"Q4 2012",8714.03,221,0.51382196,8775.03418987098
"29398","Australia","Telephone","Outdoors Shop","Mountaineering Equipment","Climbing Accessories","Granite Belay",2012,"Q4 2012",8883,135,0.47613982,8797.97149126054
"29507","Australia","Web","Department Store","Personal Accessories","Knives","Max Gizmo",2012,"Q4 2012",8251.2,216,0.53734487,8500.16177461642
"29559","Australia","Web","Outdoors Shop","Personal Accessories","Eyewear","Bella",2012,"Q4 2012",8842.5,131,0.44711111,8777.08490586096
"29579","Australia","Web","Eyewear Store","Personal Accessories","Watches","Zodiak",2012,"Q4 2012",8848,79,0.41785714,8632.49003371709
"29580","Australia","Web","Eyewear Store","Personal Accessories","Watches","Kodiak",2012,"Q4 2012",8970,69,0.47969231,8730.73753803724
"29646","Australia","Sales visit","Outdoors Shop","Mountaineering Equipment","Climbing Accessories","Firefly Climbing Lamp",2012,"Q4 2012",8339.85,215,0.42768755,8403.43892022161
"29667","Australia","Sales visit","Eyewear Store","Personal Accessories","Eyewear","Polar Ice",2012,"Q4 2012",8742.8,82,0.53395022,8588.44197368574
"29971","Netherlands","Web","Eyewear Store","Personal Accessories","Eyewear","Hawk Eye",2012,"Q4 2012",8910,220,0.43358025,9024.39556654289
"30003","Netherlands","Web","Sports Store","Personal Accessories","Watches","Mountain Man Combination",2012,"Q4 2012",8404.38,88,0.52881712,8591.11117313938
"30030","Netherlands","Web","Sports Store","Personal Accessories","Knives","Bear Edge",2012,"Q4 2012",8960.4,228,0.40127226,8913.37619824061
"30095","Sweden","Telephone","Outdoors Shop","Personal Accessories","Binoculars","Seeker Extreme",2012,"Q4 2012",8242.08,48,0.45186652,8605.11021174578
"30288","Sweden","Web","Sports Store","Personal Accessories","Watches","Mountain Man Combination",2012,"Q4 2012",8452.4,88,0.53149401,8601.78503831865
"30292","Sweden","Web","Sports Store","Personal Accessories","Watches","Lux",2012,"Q4 2012",8694.4,52,0.47488038,8580.70834010189
"30300","Sweden","Web","Sports Store","Personal Accessories","Eyewear","Bella",2012,"Q4 2012",8910,132,0.44704377,8805.63629697321
"30307","Sweden","Web","Sports Store","Personal Accessories","Eyewear","Trendi",2012,"Q4 2012",8299.5,165,0.39264414,8454.83669780343
"30350","Denmark","Web","Golf Shop","Personal Accessories","Eyewear","Maximus",2012,"Q4 2012",8800,110,0.4860625,8753.14924640327
"30356","Denmark","Web","Golf Shop","Personal Accessories","Binoculars","Ranger Vision",2012,"Q4 2012",8960,56,0.43770647,8476.94670546623
"30771","Finland","Web","Eyewear Store","Personal Accessories","Binoculars","Opera Vision",2012,"Q4 2012",8800,80,0.54272727,8699.06262867389
"30772","Finland","Web","Eyewear Store","Personal Accessories","Binoculars","Ranger Vision",2012,"Q4 2012",8800,55,0.5340625,8832.33805961043
"30928","France","Fax","Outdoors Shop","Personal Accessories","Knives","Bear Survival Edge",2012,"Q4 2012",8501.5,98,0.48126801,8614.28200870554
"30947","France","Fax","Sports Store","Personal Accessories","Eyewear","Polar Sun",2012,"Q4 2012",8935.69,150,0.56102998,8807.67382279793
"30951","France","Fax","Sports Store","Personal Accessories","Binoculars","Seeker Mini",2012,"Q4 2012",8364.72,104,0.50267313,8548.5639442213
"31020","France","Telephone","Warehouse Store","Camping Equipment","Sleeping Bags","Hibernator Pad",2012,"Q4 2012",8753.46,222,0.51382196,8803.85409335438
"31207","France","Web","Outdoors Shop","Camping Equipment","Lanterns","Flicker Lantern",2012,"Q4 2012",8441.92,248,0.54112808,8512.08651220786
"31417","France","Sales visit","Department Store","Camping Equipment","Lanterns","EverGlow Single",2012,"Q4 2012",8327.1,246,0.46706056,8414.52190098927
"31421","France","Sales visit","Department Store","Personal Accessories","Watches","Mountain Man Deluxe",2012,"Q4 2012",8533.61,109,0.50185209,8511.70608308737
"31485","Germany","E-mail","Department Store","Personal Accessories","Watches","Mountain Man Deluxe",2012,"Q4 2012",8815.9,115,0.49126011,8678.91366517214
"31640","Germany","Web","Department Store","Personal Accessories","Binoculars","Opera Vision",2012,"Q4 2012",8910,81,0.54163636,8723.53262377004
"31793","Germany","Web","Eyewear Store","Personal Accessories","Eyewear","Trendi",2012,"Q4 2012",8651.6,172,0.39228351,8655.13804154562
"31795","Germany","Web","Eyewear Store","Personal Accessories","Eyewear","Hawk Eye",2012,"Q4 2012",8343,206,0.40195373,8494.80893030865
"31868","Germany","Web","Sports Store","Personal Accessories","Binoculars","Seeker Extreme",2012,"Q4 2012",8928.92,52,0.45186652,8720.38982567935
"31935","Germany","Sales visit","Outdoors Shop","Personal Accessories","Knives","Bear Survival Edge",2012,"Q4 2012",8588.25,99,0.48126801,8606.57915544713
"31947","Switzerland","Web","Golf Shop","Personal Accessories","Eyewear","Trendi",2012,"Q4 2012",8651.6,172,0.39154838,8652.20677484835
"32134","Switzerland","Web","Outdoors Shop","Personal Accessories","Eyewear","Hawk Eye",2012,"Q4 2012",8343,206,0.39061728,8449.60582561938
"32146","Switzerland","Web","Eyewear Store","Personal Accessories","Watches","TX",2012,"Q4 2012",8836,47,0.45099366,8710.40271513536
"32243","Switzerland","Sales visit","Sports Store","Personal Accessories","Navigation","Glacier Deluxe",2012,"Q4 2012",8232.4,88,0.39893105,8330.74723354656
"32268","United Kingdom","Fax","Outdoors Shop","Personal Accessories","Eyewear","Retro",2012,"Q4 2012",8332.45,133,0.44405427,8452.72094511962
"32446","United Kingdom","Web","Outdoors Shop","Camping Equipment","Lanterns","Flicker Lantern",2012,"Q4 2012",8816.36,259,0.54112808,8829.10545052519
"32454","United Kingdom","Web","Outdoors Shop","Mountaineering Equipment","Safety","Granite Signal Mirror",2012,"Q4 2012",8547,259,0.52393939,8558.72603033424
"32533","United Kingdom","Web","Eyewear Store","Personal Accessories","Eyewear","Maximus",2012,"Q4 2012",8240,103,0.485875,8550.66228213849
"32536","United Kingdom","Web","Eyewear Store","Personal Accessories","Eyewear","Hawk Eye",2012,"Q4 2012",8788.5,217,0.39061728,8766.62476393671
"32612","United Kingdom","Web","Sports Store","Personal Accessories","Binoculars","Opera Vision",2012,"Q4 2012",8910,81,0.54163636,8723.53262377004
"32784","Belgium","Web","Department Store","Personal Accessories","Watches","Mountain Man Deluxe",2012,"Q4 2012",8533.61,109,0.50185209,8548.22883982918
"32946","Belgium","Web","Sports Store","Camping Equipment","Sleeping Bags","Hibernator Pad",2012,"Q4 2012",8635.17,219,0.51382196,8717.39438290419
"33103","Austria","Telephone","Outdoors Shop","Mountaineering Equipment","Climbing Accessories","Granite Belay",2012,"Q4 2012",8356.6,127,0.47613982,8567.41226339339
"33119","Austria","Telephone","Outdoors Shop","Personal Accessories","Eyewear","Polar Sun",2012,"Q4 2012",8564.76,139,0.57560399,8548.76747702699
"33350","Austria","Web","Sports Store","Personal Accessories","Watches","Mountain Man Extreme",2012,"Q4 2012",8366.21,29,0.59724774,8626.84011279528
"33382","Austria","Web","Sports Store","Personal Accessories","Binoculars","Seeker Mini",2012,"Q4 2012",8871.12,108,0.51302654,8705.12687666472
"33569","Italy","Web","Department Store","Personal Accessories","Binoculars","Ranger Vision",2012,"Q4 2012",8640,54,0.5340625,8803.51815612704
"33868","Spain","Web","Golf Shop","Personal Accessories","Knives","Bear Edge",2012,"Q4 2012",8253,210,0.40127226,8394.61793553953
"33974","Spain","Web","Outdoors Shop","Camping Equipment","Lanterns","Flicker Lantern",2012,"Q4 2012",8850.4,260,0.54112808,8857.92535400858
"33998","Spain","Web","Outdoors Shop","Personal Accessories","Watches","Mountain Man Extreme",2012,"Q4 2012",8896.15,31,0.59511811,8675.98820605633
"34081","Spain","Web","Sports Store","Personal Accessories","Eyewear","Polar Ice",2012,"Q4 2012",8705.4,81,0.53765594,8610.92106193033
"34183","United States","Telephone","Outdoors Shop","Personal Accessories","Watches","Venue",2013,"Q1 2013",8614,118,0.41785001,8641.34740703391
"34226","United States","Web","Golf Shop","Personal Accessories","Eyewear","Bella",2013,"Q1 2013",8227.5,111,0.41873595,8111.37575575891
"34455","United States","Web","Outdoors Shop","Camping Equipment","Packs","Canyon Mule Carryall",2013,"Q1 2013",8519.26,122,0.41028211,8688.44539731881
"34465","United States","Web","Outdoors Shop","Camping Equipment","Lanterns","EverGlow Lamp",2013,"Q1 2013",8315.19,299,0.54009349,7196.80264347733
"34466","United States","Web","Outdoors Shop","Camping Equipment","Lanterns","Flicker Lantern",2013,"Q1 2013",8253.6,240,0.5457982,8323.98137301381
"34538","United States","Web","Eyewear Store","Personal Accessories","Watches","Mountain Man Digital",2013,"Q1 2013",8280.39,199,0.51934631,8271.58671720231
"34703","United States","Sales visit","Department Store","Camping Equipment","Lanterns","Flicker Lantern",2013,"Q1 2013",8219.21,239,0.5457982,8258.63871278862
"34962","Canada","Web","Department Store","Personal Accessories","Knives","Bear Survival Edge",2013,"Q1 2013",8592.64,98,0.46395985,8569.09962460894
"35353","Mexico","Web","Department Store","Personal Accessories","Watches","Mountain Man Deluxe",2013,"Q1 2013",8599.17,111,0.49657932,8608.67632962033
"35540","Mexico","Web","Sports Store","Personal Accessories","Watches","Lux",2013,"Q1 2013",8459.6,48,0.47510284,8490.14815887748
"35543","Mexico","Web","Sports Store","Personal Accessories","Watches","Kodiak",2013,"Q1 2013",8836.2,72,0.44811571,8715.1207055428
"35760","Brazil","Web","Department Store","Personal Accessories","Eyewear","Trendi",2013,"Q1 2013",8701.9,173,0.39582505,8721.9119194785
"36059","Japan","Mail","Sports Store","Personal Accessories","Binoculars","Seeker Extreme",2013,"Q1 2013",8677,50,0.45764665,8709.63017535545
"36096","Japan","E-mail","Department Store","Personal Accessories","Navigation","Glacier Deluxe",2013,"Q1 2013",8520.66,93,0.42152368,8625.28804034674
"36154","Japan","Web","Golf Shop","Personal Accessories","Binoculars","Seeker Mini",2013,"Q1 2013",8453.12,104,0.50787402,8593.13443193254
"36155","Japan","Web","Golf Shop","Personal Accessories","Binoculars","Opera Vision",2013,"Q1 2013",8250,75,0.54381818,8583.14541252436
"36173","Japan","Web","Golf Shop","Golf Equipment","Putters","Blue Steel Putter",2013,"Q1 2013",8253.75,93,0.53577465,8496.37013069047
"36340","Japan","Web","Outdoors Shop","Personal Accessories","Eyewear","Polar Sports",2013,"Q1 2013",8240.56,68,0.51413011,8519.28066039377
"36554","Singapore","Fax","Outdoors Shop","Personal Accessories","Eyewear","Polar Sports",2013,"Q1 2013",8840.83,75,0.50049939,8666.66867875579
"36573","Singapore","Web","Golf Shop","Personal Accessories","Eyewear","Maximus",2013,"Q1 2013",8667,102,0.51896389,8677.61383171037
"36577","Singapore","Web","Golf Shop","Personal Accessories","Eyewear","Retro",2013,"Q1 2013",8645.7,138,0.44958766,8642.71676497018
"36897","Korea","Web","Golf Shop","Personal Accessories","Eyewear","Dante",2013,"Q1 2013",8441.55,185,0.44444444,8441.55
"36901","Korea","Web","Golf Shop","Personal Accessories","Eyewear","Trendi",2013,"Q1 2013",8249.2,164,0.39582505,8462.53278812796
"36967","Korea","Web","Department Store","Camping Equipment","Lanterns","EverGlow Double",2013,"Q1 2013",8656.9,166,0.44870566,8660.57655503989
"37215","China","Web","Golf Shop","Personal Accessories","Knives","Max Gizmo",2013,"Q1 2013",8545.5,211,0.57808671,8542.34918026798
"37316","China","Web","Outdoors Shop","Camping Equipment","Lanterns","EverGlow Double",2013,"Q1 2013",8917.65,171,0.44870566,8804.67607245686
"37679","Australia","Web","Warehouse Store","Personal Accessories","Knives","Bear Edge",2013,"Q1 2013",8418.52,212,0.40745404,8500.73944345968
"37719","Australia","Web","Outdoors Shop","Camping Equipment","Lanterns","Flicker Lantern",2013,"Q1 2013",8731.38,252,0.54918466,8683.3234284225
"37946","Netherlands","Web","Department Store","Personal Accessories","Watches","Lux",2013,"Q1 2013",8694.4,52,0.47954545,8623.14229234086
"37952","Netherlands","Web","Department Store","Personal Accessories","Eyewear","Polar Sports",2013,"Q1 2013",8619.95,73,0.50136138,8612.46598166124
"38015","Netherlands","Web","Warehouse Store","Camping Equipment","Lanterns","Firefly Extreme",2013,"Q1 2013",8770.68,162,0.44052457,8547.29065522679
"38074","Netherlands","Web","Outdoors Shop","Personal Accessories","Eyewear","Bella",2013,"Q1 2013",8775,130,0.4517037,8790.40994694412
"38254","Netherlands","Sales visit","Outdoors Shop","Personal Accessories","Watches","Mountain Man Deluxe",2013,"Q1 2013",8831.58,114,0.49657932,8658.6132833287
"38351","Sweden","Web","Golf Shop","Personal Accessories","Watches","TX",2013,"Q1 2013",8272,44,0.45028288,8644.94122436733
"38352","Sweden","Web","Golf Shop","Personal Accessories","Watches","Legend",2013,"Q1 2013",8253.8,31,0.43502871,8630.79811137313
"38574","Denmark","Web","Golf Shop","Personal Accessories","Eyewear","Trendi",2013,"Q1 2013",8802.5,175,0.3934689,8770.15678401502
"38609","Denmark","Web","Department Store","Personal Accessories","Eyewear","Polar Sports",2013,"Q1 2013",8624.88,73,0.5016464,8613.60247402865
"38709","Denmark","Web","Eyewear Store","Personal Accessories","Eyewear","Polar Sports",2013,"Q1 2013",8841.95,73,0.51388099,8662.38683355921
"38753","Denmark","Web","Sports Store","Personal Accessories","Watches","Lux",2013,"Q1 2013",8360,50,0.47269856,8538.20110924081
"38774","Denmark","Web","Sports Store","Personal Accessories","Binoculars","Opera Vision",2013,"Q1 2013",8910,81,0.54,8740.84017400643
"38816","Denmark","Sales visit","Outdoors Shop","Mountaineering Equipment","Climbing Accessories","Firefly Climbing Lamp",2013,"Q1 2013",8504.23,217,0.44628732,8559.07607916128
"38841","Finland","Web","Department Store","Personal Accessories","Watches","Venue",2013,"Q1 2013",8833,121,0.42082192,8739.65734915777
"38868","Finland","Web","Department Store","Personal Accessories","Binoculars","Ranger Vision",2013,"Q1 2013",8985.6,52,0.44444444,8412.36655155495
"38996","Finland","Web","Eyewear Store","Personal Accessories","Watches","Lux",2013,"Q1 2013",8527.2,51,0.47954545,8594.32238885746
"39006","Finland","Web","Eyewear Store","Personal Accessories","Eyewear","Bella",2013,"Q1 2013",8707.5,129,0.44577778,8737.96095480068
"39011","Finland","Web","Eyewear Store","Personal Accessories","Eyewear","Inferno",2013,"Q1 2013",8580,132,0.39215385,8513.01093554732
"39268","France","Web","Golf Shop","Personal Accessories","Eyewear","Polar Sun",2013,"Q1 2013",8224.72,133,0.57713454,8405.78338351297
"39460","France","Web","Outdoors Shop","Personal Accessories","Watches","Mountain Man Deluxe",2013,"Q1 2013",8241.49,102,0.51732029,8432.00000543314
"39693","France","Sales visit","Sports Store","Camping Equipment","Sleeping Bags","Hibernator Extreme",2013,"Q1 2013",8219.34,31,0.43426115,8219.34
"39757","Germany","E-mail","Sports Store","Camping Equipment","Sleeping Bags","Hibernator Pad",2013,"Q1 2013",8645.28,217,0.50401606,8644.48679863448
"39775","Germany","E-mail","Sports Store","Personal Accessories","Knives","Bear Survival Edge",2013,"Q1 2013",8329.6,95,0.46395985,8482.63991415876
"39869","Germany","Web","Department Store","Personal Accessories","Watches","Lux",2013,"Q1 2013",8255.2,47,0.47228898,8450.10823429746
"39992","Germany","Web","Outdoors Shop","Camping Equipment","Lanterns","EverGlow Double",2013,"Q1 2013",8917.65,171,0.44870566,8804.67607245686
"40073","Germany","Web","Eyewear Store","Personal Accessories","Eyewear","Polar Wave",2013,"Q1 2013",8892.66,93,0.56996444,8652.94639876118
"40223","Switzerland","Web","Golf Shop","Personal Accessories","Knives","Bear Edge",2013,"Q1 2013",8378.81,211,0.40745404,8471.91953997628
"40282","Switzerland","Web","Department Store","Personal Accessories","Eyewear","Bella",2013,"Q1 2013",8370,124,0.44577778,8593.86143738371
"40336","Switzerland","Web","Equipment Rental Store","Camping Equipment","Sleeping Bags","Hibernator Pad",2013,"Q1 2013",8844.48,222,0.50401606,8788.58631605145
"40396","Switzerland","Web","Outdoors Shop","Personal Accessories","Eyewear","Polar Sports",2013,"Q1 2013",8359.58,69,0.51400429,8547.5988676114
"40409","Switzerland","Web","Outdoors Shop","Personal Accessories","Knives","Max Gizmo",2013,"Q1 2013",8881.8,220,0.56173523,8736.52821262241
"40433","Switzerland","Web","Eyewear Store","Personal Accessories","Eyewear","Polar Ice",2013,"Q1 2013",8813.2,82,0.53767304,8663.64154305107
"40505","Switzerland","Web","Sports Store","Golf Equipment","Woods","Hailstorm Titanium Woods Set",2013,"Q1 2013",8897.56,7,0.51301256,8897.56
"40572","Switzerland","Sales visit","Sports Store","Personal Accessories","Knives","Bear Survival Edge",2013,"Q1 2013",8592.64,98,0.46395985,8532.57686786713
"40752","United Kingdom","Web","Direct Marketing","Camping Equipment","Packs","Canyon Mule Weekender Backpack",2013,"Q1 2013",8290.81,29,0.41704852,8290.81
"40813","United Kingdom","Web","Outdoors Shop","Camping Equipment","Packs","Canyon Mule Weekender Backpack",2013,"Q1 2013",8290.81,29,0.41704852,8290.81
"41047","United Kingdom","Sales visit","Outdoors Shop","Camping Equipment","Lanterns","Firefly Extreme",2013,"Q1 2013",8770.68,162,0.44052457,8510.76789848498
"41183","Belgium","Web","Department Store","Camping Equipment","Sleeping Bags","Hibernator Pad",2013,"Q1 2013",8884.32,223,0.50401606,8817.40621953484
"41261","Belgium","Web","Outdoors Shop","Camping Equipment","Lanterns","Firefly 2",2013,"Q1 2013",8566.81,313,0.39093898,8567.53384550593
"41332","Belgium","Web","Eyewear Store","Personal Accessories","Navigation","Glacier Deluxe",2013,"Q1 2013",8887.14,97,0.42152368,8740.56765428031
"41404","Belgium","Web","Sports Store","Personal Accessories","Knives","Bear Survival Edge",2013,"Q1 2013",8855.68,101,0.46395985,8655.55933505912
"41478","Austria","Telephone","Outdoors Shop","Camping Equipment","Lanterns","Firefly Extreme",2013,"Q1 2013",8283.42,153,0.44052457,8287.91152387625
"41579","Austria","Web","Department Store","Personal Accessories","Watches","Lux",2013,"Q1 2013",8261.6,46,0.47282851,8423.43965958745
"41591","Austria","Web","Department Store","Personal Accessories","Eyewear","Maximus",2013,"Q1 2013",8670,102,0.52317647,8694.41112669707
"41594","Austria","Web","Department Store","Personal Accessories","Eyewear","Hawk Eye",2013,"Q1 2013",8302.5,205,0.39753086,8472.18561170233
"41675","Austria","Web","Outdoors Shop","Personal Accessories","Eyewear","Polar Sun",2013,"Q1 2013",8663.64,141,0.57441099,8625.48269352431
"41679","Austria","Web","Outdoors Shop","Personal Accessories","Eyewear","Bella",2013,"Q1 2013",8775,130,0.4517037,8790.40994694412
"41838","Austria","Sales visit","Sports Store","Golf Equipment","Golf Accessories","Course Pro Golf Bag",2013,"Q1 2013",8772,40,0.63657091,8648.75926780758
"41897","Italy","Web","Golf Shop","Personal Accessories","Eyewear","Bella",2013,"Q1 2013",8775,130,0.45136524,8789.06036724209
"42100","Italy","Web","Outdoors Shop","Personal Accessories","Eyewear","Polar Sun",2013,"Q1 2013",8293.84,135,0.57435277,8452.33112545662
"42239","Spain","Fax","Sports Store","Personal Accessories","Eyewear","Polar Sports",2013,"Q1 2013",8590.57,73,0.49965602,8605.66600754122
"42352","Spain","Web","Department Store","Personal Accessories","Binoculars","Opera Vision",2013,"Q1 2013",8360,76,0.54,8596.74065658946
"42601","United States","Fax","Sports Store","Personal Accessories","Knives","Bear Survival Edge",2013,"Q2 2013",8417.28,96,0.46395985,8509.92367908517
"43501","Canada","Web","Outdoors Shop","Camping Equipment","Lanterns","Firefly Extreme",2013,"Q2 2013",8608.26,159,0.44052457,8459.29480621962
"43577","Canada","Web","Eyewear Store","Personal Accessories","Watches","Venue",2013,"Q2 2013",8687,119,0.42136986,8682.66626654818
"43633","Canada","Web","Sports Store","Camping Equipment","Lanterns","Firefly Extreme",2013,"Q2 2013",8445.84,156,0.44052457,8372.83509576944
"43774","Mexico","Web","Golf Shop","Personal Accessories","Eyewear","Polar Sun",2013,"Q2 2013",8348.4,135,0.57713454,8461.88705192277
"43998","Mexico","Web","Eyewear Store","Personal Accessories","Eyewear","Trendi",2013,"Q2 2013",8953.4,178,0.39960239,8879.53711182216
"44040","Mexico","Web","Sports Store","Personal Accessories","Watches","Sam",2013,"Q2 2013",8306.5,185,0.39064588,8568.97343510392
"44095","Mexico","Sales visit","Outdoors Shop","Camping Equipment","Lanterns","Firefly Extreme",2013,"Q2 2013",8554.12,158,0.44052457,8393.95214599442
"44111","Mexico","Sales visit","Outdoors Shop","Personal Accessories","Eyewear","Polar Ice",2013,"Q2 2013",8360,80,0.52449761,8515.40696389139
"44139","Brazil","Web","Golf Shop","Personal Accessories","Eyewear","Inferno",2013,"Q2 2013",8450,130,0.39492308,8464.87705289143
"44207","Brazil","Web","Department Store","Personal Accessories","Binoculars","Seeker Mini",2013,"Q2 2013",8534.4,105,0.50787402,8620.41819685895
"44276","Brazil","Web","Outdoors Shop","Camping Equipment","Lanterns","Firefly 2",2013,"Q2 2013",8621.55,315,0.39093898,8623.63751391573
"44585","Japan","Web","Department Store","Personal Accessories","Watches","Mountain Man Combination",2013,"Q2 2013",8932.65,93,0.53149401,8768.18081005883
"44590","Japan","Web","Department Store","Personal Accessories","Watches","Kodiak",2013,"Q2 2013",8421,70,0.44201401,8631.61476395479
"44712","Japan","Web","Outdoors Shop","Personal Accessories","Watches","Mountain Man Deluxe",2013,"Q2 2013",8986.52,116,0.49657932,8751.23970848031
"44785","Japan","Web","Eyewear Store","Personal Accessories","Knives","Max Gizmo",2013,"Q2 2013",8412.6,208,0.53746048,8292.3597858546
"44832","Japan","Web","Sports Store","Personal Accessories","Eyewear","Polar Ice",2013,"Q2 2013",8349,78,0.53577434,8539.25489006931
"44834","Japan","Web","Sports Store","Personal Accessories","Eyewear","Polar Wave",2013,"Q2 2013",8223.32,86,0.56996444,8449.67093582044
"44835","Japan","Web","Sports Store","Personal Accessories","Eyewear","Polar Extreme",2013,"Q2 2013",8304.8,56,0.5111261,8565.28985016991
"44892","Japan","Sales visit","Sports Store","Personal Accessories","Knives","Bear Edge",2013,"Q2 2013",8617.07,217,0.40745404,8606.78006557785
"44899","Singapore","Fax","Outdoors Shop","Mountaineering Equipment","Climbing Accessories","Firefly Climbing Lamp",2013,"Q2 2013",8856.94,226,0.44628732,8853.44182869664
"44921","Singapore","Web","Golf Shop","Personal Accessories","Watches","Venue",2013,"Q2 2013",8395,115,0.41753425,8552.09249259297
"45080","Singapore","Web","Warehouse Store","Personal Accessories","Eyewear","Polar Sports",2013,"Q2 2013",8393.04,72,0.49489577,8556.3288842014
"45244","Korea","Web","Golf Shop","Personal Accessories","Watches","Lux",2013,"Q2 2013",8441.2,47,0.47060134,8441.84277857347
"46224","Netherlands","Mail","Eyewear Store","Personal Accessories","Watches","Mountain Man Deluxe",2013,"Q2 2013",8424.78,106,0.50930469,8513.78197558126
"46399","Netherlands","Web","Outdoors Shop","Mountaineering Equipment","Safety","Granite Signal Mirror",2013,"Q2 2013",8976,272,0.52393939,8955.68102994157
"46425","Netherlands","Web","Outdoors Shop","Personal Accessories","Eyewear","Polar Sports",2013,"Q2 2013",8660.25,71,0.51727952,8616.76222971468
"46509","Netherlands","Web","Sports Store","Personal Accessories","Watches","Mountain Man Digital",2013,"Q2 2013",8556.94,208,0.5138449,8507.49331790059
"46511","Netherlands","Web","Sports Store","Personal Accessories","Watches","Venue",2013,"Q2 2013",8833,121,0.42136986,8740.30607351496
"46601","Netherlands","Sales visit","Outdoors Shop","Personal Accessories","Watches","Mountain Man Deluxe",2013,"Q2 2013",8366.76,108,0.49657932,8484.15772387136
"46700","Sweden","Web","Department Store","Personal Accessories","Watches","Sam",2013,"Q2 2013",8216.7,183,0.39109131,8513.10974137555
"46914","Denmark","Web","Golf Shop","Personal Accessories","Knives","Max Gizmo",2013,"Q2 2013",8967.9,222,0.53714247,8694.57039750976
"46956","Denmark","Web","Department Store","Personal Accessories","Eyewear","Polar Sun",2013,"Q2 2013",8760.92,148,0.55824274,8761.21639398376
"47088","Denmark","Web","Eyewear Store","Personal Accessories","Watches","Lux",2013,"Q2 2013",8861.6,53,0.47925657,8649.27417348684
"47348","Finland","Web","Eyewear Store","Personal Accessories","Watches","Legend",2013,"Q2 2013",8916.6,33,0.44641007,8732.28395917651
"47366","Finland","Web","Eyewear Store","Personal Accessories","Binoculars","Ranger Vision",2013,"Q2 2013",8898.7,53,0.53740322,8810.31533631798
"47599","France","Web","Department Store","Personal Accessories","Watches","Kodiak",2013,"Q2 2013",8661.6,72,0.43923525,8678.17450801067
"47846","France","Web","Sports Store","Camping Equipment","Sleeping Bags","Hibernator Pad",2013,"Q2 2013",8406.24,211,0.50401606,8470.03123917713
"47862","France","Web","Sports Store","Personal Accessories","Watches","Mountain Man Digital",2013,"Q2 2013",8821.32,212,0.51934631,8644.70932392944
"47873","France","Web","Sports Store","Personal Accessories","Eyewear","Polar Ice",2013,"Q2 2013",8696.6,80,0.54290182,8625.31490129851
"47974","France","Sales visit","Sports Store","Personal Accessories","Knives","Bear Edge",2013,"Q2 2013",8974.46,226,0.40745404,8866.15919692839
"47978","France","Sales visit","Sports Store","Personal Accessories","Binoculars","Seeker Mini",2013,"Q2 2013",8859.52,109,0.50787402,8699.17505405072
"48045","Germany","Mail","Outdoors Shop","Mountaineering Equipment","Safety","Granite Signal Mirror",2013,"Q2 2013",8448,256,0.52393939,8494.56257420727
"48074","Germany","Mail","Outdoors Shop","Personal Accessories","Navigation","Glacier Deluxe",2013,"Q2 2013",8612.28,94,0.42152368,8652.57180527314
"48097","Germany","E-mail","Sports Store","Camping Equipment","Sleeping Bags","Hibernator Pad",2013,"Q2 2013",8884.32,223,0.50401606,8815.87008097785
"48147","Germany","Web","Golf Shop","Personal Accessories","Watches","TX",2013,"Q2 2013",8592,45,0.44977188,8670.18742140465
"48215","Germany","Web","Department Store","Personal Accessories","Watches","Legend",2013,"Q2 2013",8473,32,0.43074708,8641.00925046599
"48298","Germany","Web","Warehouse Store","Personal Accessories","Binoculars","Seeker Mini",2013,"Q2 2013",8453.12,104,0.50787402,8591.59829337556
"48395","Germany","Web","Outdoors Shop","Personal Accessories","Navigation","Glacier Deluxe",2013,"Q2 2013",8703.9,95,0.42152368,8681.39170875654
"48507","Germany","Web","Sports Store","Personal Accessories","Binoculars","Seeker Mini",2013,"Q2 2013",8859.52,109,0.50787402,8735.69781079253
"48998","United Kingdom","Web","Department Store","Personal Accessories","Eyewear","Polar Sun",2013,"Q2 2013",8544.92,139,0.5746186,8567.13457475093
"49141","United Kingdom","Web","Outdoors Shop","Personal Accessories","Watches","Mountain Man Combination",2013,"Q2 2013",8624.88,88,0.54086318,8661.44004007705
"49406","Belgium","Web","Golf Shop","Personal Accessories","Watches","Zodiak",2013,"Q2 2013",8848,79,0.41839286,8656.9224247713
"49472","Belgium","Web","Department Store","Personal Accessories","Eyewear","Polar Ice",2013,"Q2 2013",8771.4,81,0.54113482,8647.08904654313
"49541","Belgium","Web","Outdoors Shop","Mountaineering Equipment","Climbing Accessories","Firefly Climbing Lamp",2013,"Q2 2013",8582.61,219,0.44628732,8651.70250431289
"49668","Belgium","Web","Sports Store","Personal Accessories","Knives","Bear Edge",2013,"Q2 2013",8339.1,210,0.40745404,8441.5634979359
"49733","Belgium","Sales visit","Outdoors Shop","Personal Accessories","Navigation","Glacier Deluxe",2013,"Q2 2013",8795.52,96,0.42152368,8673.68885549812
"49814","Austria","Web","Department Store","Personal Accessories","Eyewear","Polar Ice",2013,"Q2 2013",8987,85,0.53002671,8718.07604160308
"49902","Austria","Web","Outdoors Shop","Personal Accessories","Eyewear","Bella",2013,"Q2 2013",8557.5,126,0.45191002,8674.41687744158
"49922","Austria","Web","Outdoors Shop","Personal Accessories","Navigation","Glacier Deluxe",2013,"Q2 2013",8795.52,96,0.42152368,8710.21161223993
"49969","Austria","Web","Sports Store","Personal Accessories","Eyewear","Polar Sun",2013,"Q2 2013",8719.44,141,0.57713454,8634.80647282313
"49986","Austria","Web","Sports Store","Personal Accessories","Knives","Bear Edge",2013,"Q2 2013",8418.52,212,0.40745404,8499.20330490269
"50037","Austria","Sales visit","Warehouse Store","Personal Accessories","Binoculars","Seeker Mini",2013,"Q2 2013",8209.28,101,0.50787402,8468.61582618357
"50147","Italy","Web","Golf Shop","Personal Accessories","Eyewear","Polar Sports",2013,"Q2 2013",8626.18,74,0.49489577,8613.96869116818
"50270","Italy","Web","Warehouse Store","Personal Accessories","Eyewear","Polar Sports",2013,"Q2 2013",8742.75,75,0.49489577,8642.78859465157
"50877","United States","Fax","Sports Store","Golf Equipment","Golf Accessories","Course Pro Golf Bag",2013,"Q3 2013",8958.62,43,0.61745224,8668.18193168626
"51467","United States","Sales visit","Warehouse Store","Personal Accessories","Binoculars","Seeker Mini",2013,"Q3 2013",8778.24,108,0.50787402,8644.5655133531
"51646","Canada","Web","Golf Shop","Personal Accessories","Eyewear","Polar Sun",2013,"Q3 2013",8595.76,139,0.57713454,8551.37702864212
"51923","Canada","Web","Eyewear Store","Personal Accessories","Knives","Max Gizmo",2013,"Q3 2013",8709.8,214,0.53755425,8439.8634692295
"51975","Canada","Web","Sports Store","Personal Accessories","Eyewear","Trendi",2013,"Q3 2013",8299.5,165,0.39642147,8466.40508852196
"52025","Canada","Sales visit","Outdoors Shop","Camping Equipment","Lanterns","Firefly Extreme",2013,"Q3 2013",8608.26,159,0.44052457,8396.98241226359
"52069","Mexico","Web","Golf Shop","Personal Accessories","Watches","Legend",2013,"Q3 2013",8646.4,32,0.44572076,8674.92585503148
"52308","Mexico","Web","Eyewear Store","Personal Accessories","Eyewear","Polar Extreme",2013,"Q3 2013",8866.9,62,0.49305845,8640.37645680864
"52312","Mexico","Web","Eyewear Store","Personal Accessories","Eyewear","Maximus",2013,"Q3 2013",8330,98,0.52129412,8544.30003069871
"52444","Brazil","Web","Golf Shop","Personal Accessories","Watches","Sam",2013,"Q3 2013",8230.2,174,0.40211416,8271.89362487772
"52518","Brazil","Web","Department Store","Personal Accessories","Knives","Bear Edge",2013,"Q3 2013",8497.94,214,0.40745404,8531.05347465525
"52592","Brazil","Web","Outdoors Shop","Camping Equipment","Tents","Star Gazer 6",2013,"Q3 2013",8318.8,10,0.41097274,8347.69601995897
"52661","Brazil","Web","Outdoors Shop","Personal Accessories","Knives","Bear Survival Edge",2013,"Q3 2013",8417.28,96,0.46395985,8484.13404187094
"53048","Japan","Web","Outdoors Shop","Personal Accessories","Watches","Mountain Man Deluxe",2013,"Q3 2013",8211.82,106,0.49657932,8437.25103643216
"53244","Singapore","Fax","Outdoors Shop","Personal Accessories","Eyewear","Polar Sports",2013,"Q3 2013",8276.47,71,0.49489577,8501.71934350378
"53260","Singapore","Web","Golf Shop","Personal Accessories","Watches","Lux",2013,"Q3 2013",8527.2,51,0.47739234,8558.41127493035
"53345","Singapore","Web","Department Store","Personal Accessories","Eyewear","Polar Wave",2013,"Q3 2013",8426.95,89,0.56571713,8493.40523122667
"53419","Singapore","Web","Warehouse Store","Personal Accessories","Watches","Mountain Man Extreme",2013,"Q3 2013",8669.46,31,0.58453122,8630.28052353856
"53420","Singapore","Web","Warehouse Store","Personal Accessories","Eyewear","Polar Sun",2013,"Q3 2013",8975.32,146,0.57462241,8743.09945396285
"53422","Singapore","Web","Warehouse Store","Personal Accessories","Eyewear","Polar Sports",2013,"Q3 2013",8417.5,70,0.51035343,8534.53550979806
"53621","Korea","Fax","Department Store","Personal Accessories","Eyewear","Polar Sports",2013,"Q3 2013",8368.47,71,0.50044871,8523.86120697543
"53630","Korea","Web","Golf Shop","Personal Accessories","Watches","Infinity",2013,"Q3 2013",8755,35,0.43704626,8489.43211481789
"53814","Korea","Web","Warehouse Store","Personal Accessories","Watches","Mountain Man Extreme",2013,"Q3 2013",8669.46,31,0.58453122,8630.28052353856
"53823","Korea","Web","Warehouse Store","Personal Accessories","Binoculars","Seeker Mini",2013,"Q3 2013",8859.52,109,0.50787402,8709.9081735783
"53933","China","Web","Golf Shop","Personal Accessories","Watches","Kodiak",2013,"Q3 2013",8494.6,66,0.44922657,8519.30496614182
"53978","China","Web","Department Store","Personal Accessories","Eyewear","Maximus",2013,"Q3 2013",8378.3,99,0.51330461,8541.26246055094
"53981","China","Web","Department Store","Personal Accessories","Eyewear","Hawk Eye",2013,"Q3 2013",8262,204,0.40074074,8428.83904872134
"54002","China","Web","Warehouse Store","Personal Accessories","Eyewear","Polar Sun",2013,"Q3 2013",8653.35,146,0.55879515,8679.9896364517
"54291","Australia","Telephone","Department Store","Personal Accessories","Watches","Mountain Man Digital",2013,"Q3 2013",8237.34,200,0.51440635,8253.38318567895
"54325","Australia","Web","Golf Shop","Personal Accessories","Watches","Zodiak",2013,"Q3 2013",8200.9,74,0.42306332,8505.65632165333
"54392","Australia","Web","Department Store","Personal Accessories","Eyewear","Maximus",2013,"Q3 2013",8439,97,0.48678161,8377.86450657398
"54493","Australia","Web","Outdoors Shop","Mountaineering Equipment","Climbing Accessories","Firefly Climbing Lamp",2013,"Q3 2013",8504.23,217,0.44628732,8568.27306013188
"54606","Australia","Sales visit","Direct Marketing","Camping Equipment","Lanterns","Flicker Lantern",2013,"Q3 2013",8631.89,251,0.5457982,8577.15177881813
"54607","Australia","Sales visit","Direct Marketing","Personal Accessories","Watches","Mountain Man Deluxe",2013,"Q3 2013",8444.23,109,0.49657932,8487.18799014053
"54779","Netherlands","Web","Warehouse Store","Personal Accessories","Watches","Mountain Man Extreme",2013,"Q3 2013",8478,30,0.5888535,8618.69533421492
"54839","Netherlands","Web","Outdoors Shop","Personal Accessories","Watches","Mountain Man Extreme",2013,"Q3 2013",8478,30,0.5888535,8618.69533421492
"54879","Netherlands","Web","Eyewear Store","Personal Accessories","Watches","Sam",2013,"Q3 2013",8372.1,177,0.39112051,8314.51711571178
"55276","Sweden","Web","Sports Store","Personal Accessories","Knives","Bear Edge",2013,"Q3 2013",8895.04,224,0.40745404,8819.25250948919
"55343","Denmark","Web","Golf Shop","Personal Accessories","Binoculars","Ranger Vision",2013,"Q3 2013",8467.2,49,0.44444444,8298.58106533356
"55371","Denmark","Web","Department Store","Camping Equipment","Lanterns","Flicker Lantern",2013,"Q3 2013",8941.4,260,0.5457982,8873.05366691047
"55473","Denmark","Web","Outdoors Shop","Camping Equipment","Sleeping Bags","Hibernator Pad",2013,"Q3 2013",8446.08,212,0.50401606,8473.0615054463
"55498","Denmark","Web","Outdoors Shop","Personal Accessories","Eyewear","Maximus",2013,"Q3 2013",8352,96,0.48678161,8349.04460309058
"55563","Finland","Web","Golf Shop","Personal Accessories","Watches","TX",2013,"Q3 2013",8800,44,0.45013636,8617.03121288749
"55667","Finland","Web","Warehouse Store","Personal Accessories","Eyewear","Polar Sun",2013,"Q3 2013",8248.34,137,0.56566412,8447.9999233068
"55672","Finland","Web","Warehouse Store","Personal Accessories","Binoculars","Seeker Mini",2013,"Q3 2013",8859.52,109,0.50787402,8709.9081735783
"55928","France","Telephone","Warehouse Store","Personal Accessories","Navigation","Glacier Deluxe",2013,"Q3 2013",8245.8,90,0.42152368,8511.50255412535
"55951","France","Web","Golf Shop","Personal Accessories","Binoculars","Opera Vision",2013,"Q3 2013",8910,81,0.54287879,8724.99332203839
"55996","France","Web","Department Store","Personal Accessories","Watches","Mountain Man Digital",2013,"Q3 2013",8370.58,204,0.51257858,8361.37472630405
"56234","France","Web","Eyewear Store","Personal Accessories","Eyewear","Bella",2013,"Q3 2013",8640,128,0.46488889,8758.01915824817
"56396","Germany","Telephone","Eyewear Store","Personal Accessories","Navigation","Glacier Deluxe",2013,"Q3 2013",8795.52,96,0.42152368,8684.42197502571
"56400","Germany","E-mail","Department Store","Camping Equipment","Sleeping Bags","Hibernator Pad",2013,"Q3 2013",8844.48,222,0.50401606,8761.26054028024
"56446","Germany","E-mail","Sports Store","Personal Accessories","Navigation","Glacier Deluxe",2013,"Q3 2013",8612.28,94,0.42152368,8626.78216805892
"56470","Germany","Web","Golf Shop","Personal Accessories","Watches","Lux",2013,"Q3 2013",8800.4,49,0.47060134,8473.69294832604
"56635","Germany","Web","Equipment Rental Store","Camping Equipment","Lanterns","Firefly 2",2013,"Q3 2013",8648.92,316,0.39093898,8626.6677801849
"56705","Germany","Web","Outdoors Shop","Personal Accessories","Watches","Mountain Man Extreme",2013,"Q3 2013",8669.46,31,0.58453122,8630.28052353856
"56761","Germany","Web","Eyewear Store","Personal Accessories","Eyewear","Polar Ice",2013,"Q3 2013",8288.5,79,0.52639078,8504.86903003456
"56892","Switzerland","Web","Golf Shop","Personal Accessories","Watches","Kodiak",2013,"Q3 2013",8383.8,62,0.47543596,8508.53300672195
"56899","Switzerland","Web","Golf Shop","Personal Accessories","Eyewear","Fairway",2013,"Q3 2013",8390.4,398,0.40938334,8423.4594515485
"56932","Switzerland","Web","Department Store","Camping Equipment","Sleeping Bags","Hibernator Pad",2013,"Q3 2013",8950.61,227,0.49885874,8884.79569443745
"56959","Switzerland","Web","Department Store","Personal Accessories","Eyewear","Trendi",2013,"Q3 2013",8852.8,176,0.40641605,8823.27654205043
"57004","Switzerland","Web","Equipment Rental Store","Camping Equipment","Lanterns","Firefly 2",2013,"Q3 2013",8949.99,327,0.39093898,8943.68671850223
"57174","Switzerland","Sales visit","Department Store","Camping Equipment","Sleeping Bags","Hibernator Pad",2013,"Q3 2013",8990.04,228,0.49885874,8877.09284117904
"57422","United Kingdom","Web","Direct Marketing","Camping Equipment","Lanterns","Flicker Lantern",2013,"Q3 2013",8485.84,246,0.54718449,8475.10272849318
"57456","United Kingdom","Web","Warehouse Store","Personal Accessories","Binoculars","Seeker Mini",2013,"Q3 2013",8371.84,103,0.50787402,8536.98875267794
"57536","United Kingdom","Web","Outdoors Shop","Personal Accessories","Eyewear","Polar Ice",2013,"Q3 2013",8662.5,81,0.53536623,8598.29766030876
"57610","United Kingdom","Web","Eyewear Store","Personal Accessories","Binoculars","Ranger Vision",2013,"Q3 2013",8432.8,50,0.51570534,8611.54758640462
"57844","Belgium","Web","Department Store","Personal Accessories","Knives","Bear Edge",2013,"Q3 2013",8259.68,208,0.40745404,8358.13405375489
"58008","Belgium","Web","Eyewear Store","Personal Accessories","Navigation","Glacier Deluxe",2013,"Q3 2013",8978.76,98,0.42152368,8742.0617819925
"58075","Belgium","Web","Sports Store","Personal Accessories","Navigation","Glacier Deluxe",2013,"Q3 2013",8703.9,95,0.42152368,8655.60207154231
"58146","Belgium","Sales visit","Outdoors Shop","Personal Accessories","Knives","Bear Edge",2013,"Q3 2013",8895.04,224,0.40745404,8782.72975274738
"58149","Belgium","Sales visit","Outdoors Shop","Personal Accessories","Binoculars","Seeker Mini",2013,"Q3 2013",8371.84,103,0.50787402,8500.46599593614
"58250","Austria","Web","Department Store","Personal Accessories","Navigation","Glacier Deluxe",2013,"Q3 2013",8612.28,94,0.42152368,8626.78216805892
"58439","Austria","Sales visit","Department Store","Camping Equipment","Lanterns","Flicker Lantern",2013,"Q3 2013",8494.33,247,0.5457982,8461.87216488456
"58591","Italy","E-mail","Sports Store","Personal Accessories","Watches","Mountain Man Extreme",2013,"Q3 2013",8949.12,32,0.58453122,8659.10042702195
"58690","Italy","Web","Department Store","Personal Accessories","Watches","Zodiak",2013,"Q3 2013",8431.5,77,0.42429224,8597.01624331731
"58747","Italy","Web","Warehouse Store","Camping Equipment","Tents","Star Gazer 6",2013,"Q3 2013",8318.8,10,0.41097274,8347.69601995897
"58792","Italy","Web","Outdoors Shop","Camping Equipment","Tents","Star Gazer 6",2013,"Q3 2013",8318.8,10,0.41097274,8347.69601995897
"58914","Italy","Web","Sports Store","Personal Accessories","Watches","Kodiak",2013,"Q3 2013",8271.1,63,0.46145495,8481.60485338935
"59395","United States","Web","Golf Shop","Personal Accessories","Binoculars","Opera Vision",2013,"Q4 2013",8800,80,0.54336364,8715.62866049894
"59623","United States","Web","Outdoors Shop","Personal Accessories","Eyewear","Polar Extreme",2013,"Q4 2013",8582.16,60,0.4931346,8600.5622362158
"59875","United States","Sales visit","Outdoors Shop","Personal Accessories","Eyewear","Polar Wave",2013,"Q4 2013",8510.18,89,0.56996444,8491.34019721152
"59896","United States","Sales visit","Eyewear Store","Personal Accessories","Watches","Mountain Man Extreme",2013,"Q4 2013",8478,30,0.5888535,8599.69452237004
"60002","Canada","E-mail","Outdoors Shop","Personal Accessories","Eyewear","Polar Ice",2013,"Q4 2013",8815.4,84,0.52651496,8666.9856492574
"60573","Mexico","Web","Outdoors Shop","Personal Accessories","Watches","Mountain Man Deluxe",2013,"Q4 2013",8521.7,110,0.49657932,8570.05259526266
"60848","Brazil","Web","Department Store","Personal Accessories","Eyewear","Hawk Eye",2013,"Q4 2013",8518.25,199,0.41700349,8367.10777206865
"60857","Brazil","Web","Department Store","Personal Accessories","Binoculars","Ranger Vision",2013,"Q4 2013",8542.5,51,0.53319403,8727.62405937625
"61016","Brazil","Web","Sports Store","Camping Equipment","Lanterns","Firefly 2",2013,"Q4 2013",8293.11,303,0.39093898,8269.53097979772
"61398","Japan","Web","Eyewear Store","Personal Accessories","Eyewear","Polar Ice",2013,"Q4 2013",8239,77,0.53560748,8501.5019545857
"61612","Singapore","Web","Department Store","Personal Accessories","Watches","Mountain Man Digital",2013,"Q4 2013",8686.14,213,0.50956351,8626.25347414576
"61622","Singapore","Web","Department Store","Personal Accessories","Watches","Kodiak",2013,"Q4 2013",8860.3,67,0.46655079,8634.72562934689
"61865","Korea","Web","Golf Shop","Personal Accessories","Watches","Legend",2013,"Q4 2013",8646.4,32,0.44441155,8687.22743934902
"61866","Korea","Web","Golf Shop","Personal Accessories","Watches","Zodiak",2013,"Q4 2013",8431.5,77,0.42465753,8615.99475019899
"61930","Korea","Web","Department Store","Camping Equipment","Lanterns","Flicker Lantern",2013,"Q4 2013",8425.55,245,0.5457982,8458.27705955651
"61969","Korea","Web","Department Store","Personal Accessories","Eyewear","Polar Extreme",2013,"Q4 2013",8295.94,58,0.49312555,8542.88634316409
"62491","Australia","Telephone","Department Store","Personal Accessories","Eyewear","Polar Sun",2013,"Q4 2013",8250.7,138,0.56261893,8482.19934241088
"62568","Australia","Web","Department Store","Personal Accessories","Watches","Mountain Man Deluxe",2013,"Q4 2013",8211.82,106,0.49657932,8454.77298132909
"62803","Netherlands","Mail","Eyewear Store","Personal Accessories","Eyewear","Polar Extreme",2013,"Q4 2013",8883.38,62,0.49399891,8661.64840385228
"63125","Netherlands","Web","Sports Store","Personal Accessories","Eyewear","Retro",2013,"Q4 2013",8583.05,137,0.45758326,8635.974787587
"63163","Netherlands","Sales visit","Outdoors Shop","Camping Equipment","Lanterns","Firefly Extreme",2013,"Q4 2013",8391.7,155,0.44052457,8299.22474322695
"63333","Sweden","Web","Outdoors Shop","Personal Accessories","Knives","Max Gizmo",2013,"Q4 2013",8913.3,219,0.53828661,8604.40515310749
"63357","Sweden","Web","Eyewear Store","Personal Accessories","Knives","Max Gizmo",2013,"Q4 2013",8895.5,220,0.53795515,8631.90338877774
"63437","Sweden","Sales visit","Sports Store","Camping Equipment","Lanterns","Firefly 2",2013,"Q4 2013",8949.99,327,0.39093898,8924.68590665735
"63459","Denmark","Web","Golf Shop","Personal Accessories","Watches","Venue",2013,"Q4 2013",8468,116,0.42630137,8607.60282937895
"63462","Denmark","Web","Golf Shop","Personal Accessories","Watches","Sam",2013,"Q4 2013",8419.4,178,0.40049885,8398.25427610173
"63530","Denmark","Web","Department Store","Personal Accessories","Knives","Bear Survival Edge",2013,"Q4 2013",8680.32,99,0.46395985,8588.11569721806
"63658","Denmark","Web","Sports Store","Personal Accessories","Watches","Kodiak",2013,"Q4 2013",8898.5,65,0.48020453,8631.52891864216
"63849","Finland","Web","Outdoors Shop","Personal Accessories","Knives","Bear Survival Edge",2013,"Q4 2013",8592.64,98,0.46395985,8559.29579373466
"64019","France","Web","Golf Shop","Personal Accessories","Eyewear","Retro",2013,"Q4 2013",8771,140,0.4595964,8730.46171803764
"64225","France","Web","Outdoors Shop","Personal Accessories","Eyewear","Polar Ice",2013,"Q4 2013",8820.9,81,0.54370983,8649.08898179937
"64227","France","Web","Outdoors Shop","Personal Accessories","Eyewear","Polar Wave",2013,"Q4 2013",8223.32,86,0.56996444,8441.40324350315
"64269","France","Web","Eyewear Store","Personal Accessories","Eyewear","Polar Ice",2013,"Q4 2013",8429.3,78,0.54019669,8548.62093230054
"64275","France","Web","Eyewear Store","Personal Accessories","Eyewear","Fairway",2013,"Q4 2013",8393.75,395,0.41552941,8379.02860356094
"64565","Germany","E-mail","Sports Store","Personal Accessories","Knives","Bear Edge",2013,"Q4 2013",8895.04,224,0.40745404,8836.77445438612
"64590","Germany","Web","Golf Shop","Personal Accessories","Watches","Sam",2013,"Q4 2013",8608.6,182,0.39957717,8509.85877149908
"64604","Germany","Web","Golf Shop","Personal Accessories","Binoculars","Ranger Vision",2013,"Q4 2013",8462.3,49,0.44628765,8323.45264919105
"64799","Germany","Web","Outdoors Shop","Personal Accessories","Eyewear","Polar Wave",2013,"Q4 2013",8701.42,91,0.56996444,8585.50276092012
"64858","Germany","Web","Eyewear Store","Personal Accessories","Binoculars","Seeker Mini",2013,"Q4 2013",8778.24,108,0.50787402,8698.61021499184
"64861","Germany","Web","Eyewear Store","Personal Accessories","Navigation","Glacier Deluxe",2013,"Q4 2013",8612.28,94,0.42152368,8644.30411295585
"64956","Switzerland","Web","Golf Shop","Personal Accessories","Watches","Lux",2013,"Q4 2013",8261.6,46,0.4714922,8408.30740924964
"65205","Switzerland","Web","Eyewear Store","Personal Accessories","Watches","Kodiak",2013,"Q4 2013",8350.9,61,0.48020453,8516.24930470859
"65217","Switzerland","Web","Eyewear Store","Personal Accessories","Eyewear","Retro",2013,"Q4 2013",8771,140,0.45746209,8721.95134324047
"65221","Switzerland","Web","Eyewear Store","Personal Accessories","Binoculars","Seeker Mini",2013,"Q4 2013",8209.28,101,0.50787402,8496.87089060809
"65536","United Kingdom","Web","Outdoors Shop","Personal Accessories","Watches","Kodiak",2013,"Q4 2013",8761.6,64,0.48020453,8602.70901515877
"65597","United Kingdom","Web","Eyewear Store","Personal Accessories","Eyewear","Trendi",2013,"Q4 2013",8752.2,174,0.40675944,8784.52791762721
"65985","Belgium","Web","Eyewear Store","Personal Accessories","Binoculars","Seeker Mini",2013,"Q4 2013",8290.56,102,0.50787402,8525.69079409148
"65987","Belgium","Web","Eyewear Store","Personal Accessories","Navigation","Glacier Deluxe",2013,"Q4 2013",8429.04,92,0.42152368,8586.66430598906
"66033","Belgium","Web","Sports Store","Personal Accessories","Watches","Kodiak",2013,"Q4 2013",8475.5,67,0.45312253,8581.18161490015
"66168","Austria","Web","Department Store","Personal Accessories","Navigation","Glacier Deluxe",2013,"Q4 2013",8612.28,94,0.42152368,8644.30411295585
"66224","Austria","Web","Outdoors Shop","Mountaineering Equipment","Safety","Granite Signal Mirror",2013,"Q4 2013",8448,256,0.52393939,8486.29488188998
"66241","Austria","Web","Outdoors Shop","Personal Accessories","Eyewear","Polar Sun",2013,"Q4 2013",8955.64,147,0.57076769,8774.07094286487
"66728","Italy","Web","Eyewear Store","Personal Accessories","Watches","Mountain Man Extreme",2013,"Q4 2013",8478,30,0.5888535,8636.21727911185
"66846","Spain","Web","Golf Shop","Personal Accessories","Watches","Mountain Man Deluxe",2013,"Q4 2013",8754.11,113,0.49657932,8656.51230571284
"66851","Spain","Web","Golf Shop","Personal Accessories","Watches","TX",2013,"Q4 2013",8898,44,0.45319398,8646.74515060052
"66861","Spain","Web","Golf Shop","Personal Accessories","Eyewear","Fairway",2013,"Q4 2013",8308.75,391,0.41223529,8250.61397370801
"66997","Spain","Web","Outdoors Shop","Camping Equipment","Lanterns","Flicker Lantern",2013,"Q4 2013",8528.72,248,0.5457982,8544.73677000669
"67264","United States","Web","Department Store","Camping Equipment","Lanterns","EverGlow Single",2014,"Q1 2014",8845,250,0.47032222,8589.38815536494
"67285","United States","Web","Department Store","Personal Accessories","Eyewear","Polar Wave",2014,"Q1 2014",8649.02,124,0.43616965,8999.09426838453
"67886","Canada","E-mail","Outdoors Shop","Personal Accessories","Watches","Mountain Man Extreme",2014,"Q1 2014",8389.8,30,0.58453122,8615.01230214331
"67935","Canada","Web","Golf Shop","Personal Accessories","Knives","Max Gizmo",2014,"Q1 2014",8302.8,204,0.53830756,8168.21987434384
"68562","Mexico","Web","Eyewear Store","Personal Accessories","Watches","Infinity",2014,"Q1 2014",8449.6,35,0.45066039,8557.2689517511
"68682","Brazil","Web","Golf Shop","Personal Accessories","Watches","Venue",2014,"Q1 2014",8906,122,0.42794521,8783.10665596131
"68685","Brazil","Web","Golf Shop","Personal Accessories","Watches","Sam",2014,"Q1 2014",8987,190,0.40007121,8738.41767792715
"68696","Brazil","Web","Golf Shop","Personal Accessories","Eyewear","Hawk Eye",2014,"Q1 2014",8336.25,195,0.40748538,8209.90526264375
"68697","Brazil","Web","Golf Shop","Personal Accessories","Eyewear","Retro",2014,"Q1 2014",8207.15,131,0.46193136,8476.42277303349
"68737","Brazil","Web","Department Store","Personal Accessories","Watches","Venue",2014,"Q1 2014",8979,123,0.42958904,8818.48118806137
"68740","Brazil","Web","Department Store","Personal Accessories","Watches","Sam",2014,"Q1 2014",8608.6,182,0.39704017,8495.77244267345
"68891","Brazil","Web","Outdoors Shop","Personal Accessories","Binoculars","Seeker Mini",2014,"Q1 2014",8940.8,110,0.50787402,8752.27975914984
"69416","Japan","Web","Sports Store","Personal Accessories","Watches","Mountain Man Combination",2014,"Q1 2014",8338.7,86,0.53589888,8571.76756512355
"69845","Singapore","Special","Outdoors Shop","Personal Accessories","Eyewear","Polar Sun",2014,"Q1 2014",8336.76,138,0.57458293,8318.33838052672
"69965","Korea","Web","Department Store","Personal Accessories","Eyewear","Polar Extreme",2014,"Q1 2014",8585.12,60,0.49330935,8597.28877377613
"70038","Korea","Web","Warehouse Store","Personal Accessories","Eyewear","Polar Sports",2014,"Q1 2014",8551.09,73,0.49734595,8582.68071140505
"70547","Australia","Web","Golf Shop","Personal Accessories","Watches","Kodiak",2014,"Q1 2014",8853,65,0.45638767,8532.59100582393
"70561","Australia","Web","Golf Shop","Personal Accessories","Eyewear","Retro",2014,"Q1 2014",8771,140,0.45737544,8717.63557112133
"70752","Australia","Web","Outdoors Shop","Camping Equipment","Lanterns","Flicker Lantern",2014,"Q1 2014",8597.5,250,0.5457982,8598.40631416469
"71199","Netherlands","Web","Sports Store","Personal Accessories","Watches","Sam",2014,"Q1 2014",8514,180,0.39577167,8433.07460269824
"71505","Sweden","Web","Sports Store","Personal Accessories","Watches","Kodiak",2014,"Q1 2014",8320.8,61,0.46194116,8439.45544843899
"71591","Denmark","Web","Golf Shop","Personal Accessories","Eyewear","Retro",2014,"Q1 2014",8332.45,133,0.45618516,8511.15010915046
"71934","Finland","Web","Outdoors Shop","Camping Equipment","Lanterns","Flicker Lantern",2014,"Q1 2014",8356.77,243,0.5457982,8396.66698978094
"72006","Finland","Web","Eyewear Store","Personal Accessories","Watches","Legend",2014,"Q1 2014",8916.6,33,0.44441155,8712.07708002363
"72020","Finland","Web","Eyewear Store","Personal Accessories","Eyewear","Hawk Eye",2014,"Q1 2014",8944,208,0.43534884,8695.66712216427
"72194","France","Web","Department Store","Personal Accessories","Watches","Mountain Man Combination",2014,"Q1 2014",8821.91,93,0.52561293,8732.49256185812
"72698","Germany","Telephone","Outdoors Shop","Personal Accessories","Watches","Zodiak",2014,"Q1 2014",8869.5,81,0.42721461,8737.50023458762
"72761","Germany","Web","Golf Shop","Personal Accessories","Watches","Venue",2014,"Q1 2014",8614,118,0.42794521,8667.82704202774
"72833","Germany","Web","Department Store","Personal Accessories","Watches","Lux",2014,"Q1 2014",8694.4,52,0.49060545,8653.46898310649
"72905","Germany","Web","Warehouse Store","Personal Accessories","Eyewear","Polar Sports",2014,"Q1 2014",8297.25,69,0.51035343,8519.26728840281
"73045","Germany","Web","Eyewear Store","Personal Accessories","Eyewear","Polar Wave",2014,"Q1 2014",8715.03,93,0.56119945,8604.2226726473
"73106","Germany","Web","Sports Store","Personal Accessories","Watches","Zodiak",2014,"Q1 2014",8260.5,73,0.42210762,8486.57732994184
"73280","Switzerland","Web","Department Store","Personal Accessories","Eyewear","Bella",2014,"Q1 2014",8910,132,0.46243098,8877.04975272339
"73609","United Kingdom","Web","Golf Shop","Personal Accessories","Eyewear","Polar Sports",2014,"Q1 2014",8754.7,73,0.50903629,8629.2949215743
"73666","United Kingdom","Web","Department Store","Camping Equipment","Lanterns","Firefly 2",2014,"Q1 2014",8977.36,328,0.39093898,8986.05830407377
"73828","United Kingdom","Web","Outdoors Shop","Personal Accessories","Watches","Kodiak",2014,"Q1 2014",8339.7,61,0.4733048,8484.76697087954
"73879","United Kingdom","Web","Eyewear Store","Personal Accessories","Eyewear","Polar Wave",2014,"Q1 2014",8758.82,94,0.55869855,8623.07045571227
"74007","United Kingdom","Sales visit","Warehouse Store","Personal Accessories","Eyewear","Polar Sports",2014,"Q1 2014",8865.29,74,0.50851918,8619.53013733521
"74139","Belgium","Web","Department Store","Personal Accessories","Watches","Mountain Man Combination",2014,"Q1 2014",8232.84,84,0.54086318,8533.9224710174
"74319","Belgium","Web","Eyewear Store","Personal Accessories","Eyewear","Retro",2014,"Q1 2014",8583.05,137,0.45979226,8640.81271942986
"74354","Belgium","Web","Sports Store","Camping Equipment","Lanterns","Flicker Lantern",2014,"Q1 2014",8530.12,248,0.54587274,8541.06372894047
"74477","Austria","Web","Department Store","Personal Accessories","Watches","Mountain Man Digital",2014,"Q1 2014",8597.72,209,0.5138246,8523.99432178012
"74540","Austria","Web","Warehouse Store","Personal Accessories","Eyewear","Polar Ice",2014,"Q1 2014",8355.6,86,0.48856575,8569.33603155211
"74909","Italy","Web","Department Store","Personal Accessories","Watches","Zodiak",2014,"Q1 2014",8432.3,74,0.42097411,8510.87746125703
"74914","Italy","Web","Department Store","Personal Accessories","Eyewear","Bella",2014,"Q1 2014",8775,130,0.46632821,8834.94981014874
"75056","Italy","Web","Outdoors Shop","Personal Accessories","Eyewear","Polar Ice",2014,"Q1 2014",8272,94,0.43534091,8587.66585651186
"75528","Spain","Sales visit","Outdoors Shop","Mountaineering Equipment","Safety","Granite Signal Mirror",2014,"Q1 2014",8415,255,0.52393939,8416.981958856
"75907","United States","Web","Eyewear Store","Personal Accessories","Eyewear","Polar Extreme",2014,"Q2 2014",8969.31,63,0.4907635,8682.60665066265
"76178","Canada","Telephone","Warehouse Store","Personal Accessories","Binoculars","Seeker Mini",2014,"Q2 2014",8615.68,106,0.50787402,8646.00966627184
"76215","Canada","Telephone","Sports Store","Personal Accessories","Knives","Bear Survival Edge",2014,"Q2 2014",8592.64,98,0.46395985,8564.33505198145
"76282","Canada","E-mail","Outdoors Shop","Personal Accessories","Knives","Bear Survival Edge",2014,"Q2 2014",8943.36,102,0.46395985,8679.61466591502
"76838","Mexico","Web","Equipment Rental Store","Mountaineering Equipment","Safety","Granite Signal Mirror",2014,"Q2 2014",8415,255,0.52393939,8462.51423665337
"77057","Brazil","Web","Golf Shop","Personal Accessories","Eyewear","Inferno",2014,"Q2 2014",8272.7,114,0.43848079,8174.21272907112
"77098","Brazil","Web","Department Store","Personal Accessories","Watches","Lux",2014,"Q2 2014",8694.4,52,0.4937799,8675.13634640375
"77424","Japan","Web","Golf Shop","Personal Accessories","Knives","Bear Survival Edge",2014,"Q2 2014",8680.32,99,0.46395985,8593.15495546484
"77484","Japan","Web","Department Store","Personal Accessories","Watches","Mountain Man Extreme",2014,"Q2 2014",8669.46,31,0.58453122,8652.84172668228
"78717","China","Web","Eyewear Store","Personal Accessories","Watches","TX",2014,"Q2 2014",8536,44,0.46949391,8716.7789567188
"78923","Australia","Web","Department Store","Personal Accessories","Watches","Mountain Man Combination",2014,"Q2 2014",8740.55,91,0.53149401,8707.31256902154
"78926","Australia","Web","Department Store","Personal Accessories","Watches","Lux",2014,"Q2 2014",8261.6,46,0.47171492,8414.2347440527
"79018","Australia","Web","Equipment Rental Store","Personal Accessories","Watches","Mountain Man Extreme",2014,"Q2 2014",8669.46,31,0.58453122,8652.84172668228
"79020","Australia","Web","Equipment Rental Store","Personal Accessories","Eyewear","Polar Sports",2014,"Q2 2014",8361.11,71,0.50000897,8544.66898525898
"79407","Netherlands","Web","Eyewear Store","Personal Accessories","Eyewear","Polar Wave",2014,"Q2 2014",8605.8,90,0.56996444,8561.72211568351
"79455","Netherlands","Web","Sports Store","Personal Accessories","Watches","Mountain Man Combination",2014,"Q2 2014",8644.5,90,0.53149401,8678.49266553815
"79457","Netherlands","Web","Sports Store","Personal Accessories","Watches","Venue",2014,"Q2 2014",8249,113,0.43424658,8557.86320842416
"79688","Sweden","Web","Outdoors Shop","Personal Accessories","Watches","Zodiak",2014,"Q2 2014",8964.7,80,0.42395841,8704.70603892997
"79776","Sweden","Web","Sports Store","Personal Accessories","Knives","Bear Survival Edge",2014,"Q2 2014",8329.6,95,0.46395985,8477.87534153127
"79864","Denmark","Web","Department Store","Personal Accessories","Watches","Lux",2014,"Q2 2014",8861.6,53,0.49361741,8703.30833519772
"79881","Denmark","Web","Department Store","Personal Accessories","Binoculars","Seeker Mini",2014,"Q2 2014",8371.84,103,0.50787402,8559.54995582166
"79882","Denmark","Web","Department Store","Personal Accessories","Binoculars","Ranger Vision",2014,"Q2 2014",8450,50,0.53305207,8703.27736103293
"80177","Finland","Web","Outdoors Shop","Personal Accessories","Watches","Mountain Man Combination",2014,"Q2 2014",8740.55,91,0.53149401,8707.31256902154
"80207","Finland","Web","Outdoors Shop","Personal Accessories","Binoculars","Ranger Vision",2014,"Q2 2014",8395,50,0.53609291,8715.40244506394
"80242","Finland","Web","Eyewear Store","Personal Accessories","Knives","Max Gizmo",2014,"Q2 2014",8315.3,205,0.56697654,8320.36435379635
"80343","France","Telephone","Outdoors Shop","Personal Accessories","Eyewear","Retro",2014,"Q2 2014",8896.3,142,0.46448524,8812.6346059496
"80346","France","Web","Golf Shop","Personal Accessories","Watches","Lux",2014,"Q2 2014",8404,47,0.47294622,8447.96434879213
"80413","France","Web","Department Store","Personal Accessories","Watches","Mountain Man Deluxe",2014,"Q2 2014",8375.68,107,0.5017718,8509.33670374951
"80707","France","Web","Sports Store","Personal Accessories","Eyewear","Polar Ice",2014,"Q2 2014",8917.56,95,0.47064556,8766.26949078738
"80940","Germany","Web","Golf Shop","Personal Accessories","Eyewear","Retro",2014,"Q2 2014",8833.65,141,0.46465844,8784.50532234563
"81039","Germany","Web","Direct Marketing","Personal Accessories","Eyewear","Polar Sports",2014,"Q2 2014",8607.59,72,0.50748584,8603.30225512762
"81281","Germany","Web","Sports Store","Personal Accessories","Eyewear","Polar Sports",2014,"Q2 2014",8748.78,74,0.50197399,8638.96404141055
"81336","Germany","Sales visit","Outdoors Shop","Camping Equipment","Lanterns","Firefly Extreme",2014,"Q2 2014",8391.7,155,0.44052457,8304.26400147374
"81363","Switzerland","Web","Golf Shop","Personal Accessories","Watches","Lux",2014,"Q2 2014",8261.6,46,0.47171492,8414.2347440527
"81367","Switzerland","Web","Golf Shop","Personal Accessories","Watches","Zodiak",2014,"Q2 2014",8760,80,0.42657534,8715.14081884383
"81443","Switzerland","Web","Department Store","Personal Accessories","Watches","Zodiak",2014,"Q2 2014",8869.5,81,0.42648402,8743.59659179957
"81781","United Kingdom","E-mail","Outdoors Shop","Personal Accessories","Watches","Mountain Man Extreme",2014,"Q2 2014",8949.12,32,0.58453122,8681.66163016567
"81858","United Kingdom","Web","Department Store","Personal Accessories","Watches","Mountain Man Digital",2014,"Q2 2014",8971.6,220,0.50956351,8833.0320567763
"81927","United Kingdom","Web","Warehouse Store","Camping Equipment","Lanterns","Firefly 2",2014,"Q2 2014",8703.66,318,0.39093898,8706.8687902954
"82781","Austria","Web","Outdoors Shop","Personal Accessories","Watches","Mountain Man Extreme",2014,"Q2 2014",8949.12,32,0.58453122,8681.66163016567
"83041","Italy","Web","Department Store","Camping Equipment","Lanterns","Flicker Lantern",2014,"Q2 2014",8253.6,240,0.5457982,8319.21680038633
"83225","Italy","Web","Eyewear Store","Personal Accessories","Watches","TX",2014,"Q2 2014",8386,42,0.45626043,8606.37180355074
"83231","Italy","Web","Eyewear Store","Personal Accessories","Eyewear","Polar Extreme",2014,"Q2 2014",8295.94,58,0.49312555,8547.92560141088
"83370","Spain","Web","Golf Shop","Personal Accessories","Eyewear","Hawk Eye",2014,"Q2 2014",8917.75,208,0.4240453,8659.60476428249
"83422","Spain","Web","Department Store","Personal Accessories","Watches","Mountain Man Combination",2014,"Q2 2014",8740.55,91,0.53149401,8707.31256902154
"83430","Spain","Web","Department Store","Personal Accessories","Eyewear","Polar Ice",2014,"Q2 2014",8355.6,90,0.46477811,8598.77402873086
"83683","United States","Web","Golf Shop","Personal Accessories","Eyewear","Polar Sun",2014,"Q3 2014",8930,152,0.56255319,8935.20812632253
"83845","United States","Web","Outdoors Shop","Personal Accessories","Eyewear","Polar Ice",2014,"Q3 2014",8276.4,84,0.49567928,8593.82333490434
"83876","United States","Web","Eyewear Store","Personal Accessories","Watches","Lux",2014,"Q3 2014",8360,50,0.4958134,8670.35795256814
"83944","United States","Web","Sports Store","Personal Accessories","Watches","Mountain Man Deluxe",2014,"Q3 2014",8676.64,112,0.49657932,8677.48466988441
"84002","United States","Sales visit","Department Store","Personal Accessories","Watches","Mountain Man Deluxe",2014,"Q3 2014",8599.17,111,0.49657932,8612.14200965921
"84296","Canada","Web","Eyewear Store","Personal Accessories","Watches","Mountain Man Extreme",2014,"Q3 2014",8478,30,0.5888535,8686.00954676681
"84317","Canada","Web","Eyewear Store","Personal Accessories","Eyewear","Hawk Eye",2014,"Q3 2014",8806.5,206,0.41614035,8615.19766871053
"84478","Mexico","Web","Outdoors Shop","Personal Accessories","Watches","Legend",2014,"Q3 2014",8964,36,0.44578313,8857.76837644697
"84539","Mexico","Web","Sports Store","Personal Accessories","Eyewear","Fairway",2014,"Q3 2014",8287.5,390,0.41647059,8288.47422688279
"84574","Brazil","Web","Golf Shop","Personal Accessories","Watches","Sam",2014,"Q3 2014",8514,180,0.402537,8513.81329591553
"84577","Brazil","Web","Golf Shop","Personal Accessories","Eyewear","Maximus",2014,"Q3 2014",8483.5,95,0.52418813,8536.69414502486
"84579","Brazil","Web","Golf Shop","Personal Accessories","Binoculars","Ranger Vision",2014,"Q3 2014",8450,50,0.53343195,8749.54510877712
"84590","Brazil","Web","Department Store","Personal Accessories","Watches","Mountain Man Deluxe",2014,"Q3 2014",8521.7,110,0.49657932,8619.84486291762
"84666","Brazil","Web","Outdoors Shop","Personal Accessories","Knives","Max Gizmo",2014,"Q3 2014",8522.4,212,0.53656716,8445.60193961375
"84774","Japan","Web","Golf Shop","Personal Accessories","Watches","Lux",2014,"Q3 2014",8360,50,0.4958134,8670.35795256814
"84945","Japan","Web","Eyewear Store","Personal Accessories","Watches","Sam",2014,"Q3 2014",8892.4,188,0.402537,8744.37252378268
"84947","Japan","Web","Eyewear Store","Personal Accessories","Watches","Zodiak",2014,"Q3 2014",8650.5,79,0.42557078,8727.06832946791
"85083","Singapore","Web","Golf Shop","Personal Accessories","Watches","Sam",2014,"Q3 2014",8703.2,184,0.402537,8629.0929098491
"85262","Korea","Web","Golf Shop","Personal Accessories","Watches","Lux",2014,"Q3 2014",8861.6,53,0.4958134,8756.81766301832
"85265","Korea","Web","Golf Shop","Personal Accessories","Watches","Legend",2014,"Q3 2014",8220,30,0.41386861,8557.59259322262
"85424","Korea","Web","Sports Store","Personal Accessories","Eyewear","Maximus",2014,"Q3 2014",8716.25,95,0.48752044,8390.48493228333
"85716","Australia","Web","Department Store","Personal Accessories","Watches","Legend",2014,"Q3 2014",8985,33,0.42828047,8701.51833725007
"85803","Australia","Web","Outdoors Shop","Personal Accessories","Watches","Mountain Man Extreme",2014,"Q3 2014",8949.12,32,0.58453122,8726.41463957384
"85804","Australia","Web","Outdoors Shop","Personal Accessories","Watches","Venue",2014,"Q3 2014",8322,114,0.43424658,8631.43612131573
"86032","Netherlands","Web","Eyewear Store","Personal Accessories","Watches","Venue",2014,"Q3 2014",8979,123,0.43424658,8890.81525266627
"86052","Netherlands","Web","Eyewear Store","Personal Accessories","Eyewear","Hawk Eye",2014,"Q3 2014",8635.5,202,0.41614035,8499.91805477695
"86074","Netherlands","Web","Sports Store","Personal Accessories","Watches","Zodiak",2014,"Q3 2014",8322,76,0.42557078,8640.60861901773
"86130","Sweden","Web","Department Store","Personal Accessories","Watches","Mountain Man Deluxe",2014,"Q3 2014",8986.52,116,0.49657932,8792.76428381798
"86221","Sweden","Web","Sports Store","Personal Accessories","Watches","TX",2014,"Q3 2014",8852,43,0.4596995,8693.65770783236
"86335","Denmark","Web","Eyewear Store","Personal Accessories","Watches","Mountain Man Extreme",2014,"Q3 2014",8478,30,0.5888535,8686.00954676681
"86360","Denmark","Web","Sports Store","Personal Accessories","Binoculars","Ranger Vision",2014,"Q3 2014",8788,52,0.53343195,8807.1849157439
"86762","France","Web","Sports Store","Camping Equipment","Lanterns","Firefly Extreme",2014,"Q3 2014",8878.96,164,0.44052457,8644.91889897426
"86849","France","Sales visit","Sports Store","Personal Accessories","Eyewear","Polar Sports",2014,"Q3 2014",8718.18,74,0.50022596,8640.22417705704
"86950","Germany","Web","Department Store","Personal Accessories","Watches","Sam",2014,"Q3 2014",8939.7,189,0.402537,8773.19242726607
"87068","Germany","Web","Outdoors Shop","Personal Accessories","Eyewear","Bella",2014,"Q3 2014",8505,126,0.46859259,8782.46174424581
"87147","Germany","Web","Sports Store","Personal Accessories","Eyewear","Hawk Eye",2014,"Q3 2014",8550,200,0.41614035,8442.27824781017
"87177","Switzerland","Web","Golf Shop","Personal Accessories","Eyewear","Fairway",2014,"Q3 2014",8393.75,395,0.41647059,8432.57374429976
"87448","United Kingdom","Web","Department Store","Personal Accessories","Watches","Mountain Man Digital",2014,"Q3 2014",8808.48,216,0.50956351,8762.5054522509
"87454","United Kingdom","Web","Department Store","Personal Accessories","Watches","Sam",2014,"Q3 2014",8845.1,187,0.402537,8715.55262029928
"87589","United Kingdom","Web","Eyewear Store","Personal Accessories","Watches","Mountain Man Extreme",2014,"Q3 2014",8478,30,0.5888535,8686.00954676681
"87605","United Kingdom","Web","Eyewear Store","Personal Accessories","Eyewear","Maximus",2014,"Q3 2014",8624.5,94,0.48752044,8361.66502879994
"87638","United Kingdom","Web","Sports Store","Personal Accessories","Eyewear","Bella",2014,"Q3 2014",8977.5,133,0.46859259,8984.20106862956
"87741","Belgium","Web","Warehouse Store","Personal Accessories","Binoculars","Seeker Mini",2014,"Q3 2014",8534.4,105,0.50787402,8661.94277219662
"87851","Belgium","Web","Sports Store","Personal Accessories","Watches","Sam",2014,"Q3 2014",8608.6,182,0.402537,8571.45310288231
"87865","Belgium","Web","Sports Store","Personal Accessories","Knives","Max Gizmo",2014,"Q3 2014",8803.8,219,0.53656716,8647.3412639975
"87875","Austria","Web","Golf Shop","Personal Accessories","Watches","Zodiak",2014,"Q3 2014",8979,82,0.42557078,8813.52803991809
"87910","Austria","Web","Department Store","Personal Accessories","Watches","TX",2014,"Q3 2014",8990,45,0.4560178,8736.61705746599
"87945","Austria","Web","Warehouse Store","Personal Accessories","Binoculars","Seeker Mini",2014,"Q3 2014",8534.4,105,0.50787402,8661.94277219662
"87974","Austria","Web","Outdoors Shop","Camping Equipment","Lanterns","Firefly Extreme",2014,"Q3 2014",8933.1,165,0.44052457,8673.73880245765
"88005","Austria","Web","Outdoors Shop","Personal Accessories","Watches","Sam",2014,"Q3 2014",8608.6,182,0.402537,8571.45310288231
"88094","Italy","Web","Golf Shop","Personal Accessories","Watches","Infinity",2014,"Q3 2014",8405.2,35,0.45456146,8626.58665827174
"88108","Italy","Web","Golf Shop","Personal Accessories","Eyewear","Hawk Eye",2014,"Q3 2014",8678.25,203,0.41614035,8528.73795826034
"88124","Italy","Web","Department Store","Personal Accessories","Watches","Mountain Man Deluxe",2014,"Q3 2014",8289.29,107,0.49657932,8533.38515246744
"88136","Italy","Web","Department Store","Personal Accessories","Eyewear","Hawk Eye",2014,"Q3 2014",8678.25,203,0.41614035,8528.73795826034
"88217","Italy","Web","Eyewear Store","Personal Accessories","Watches","Mountain Man Deluxe",2014,"Q3 2014",8366.76,108,0.49657932,8562.20505595083
"88250","Italy","Web","Sports Store","Personal Accessories","Watches","TX",2014,"Q3 2014",8613,44,0.4508998,8687.38957579016
"88308","Spain","Web","Golf Shop","Personal Accessories","Eyewear","Polar Extreme",2014,"Q3 2014",8876.07,63,0.48541415,8706.02959395052
"88328","Spain","Web","Department Store","Personal Accessories","Watches","Infinity",2014,"Q3 2014",8516,34,0.43626116,8524.79590617657
"88426","Spain","Web","Sports Store","Camping Equipment","Lanterns","Flicker Lantern",2014,"Q3 2014",8459.94,246,0.5457982,8536.88923069486
"88432","Spain","Web","Sports Store","Personal Accessories","Watches","Sam",2014,"Q3 2014",8466.7,179,0.402537,8484.99339243214
